
@incollection{data:Latour:PasteurPouchet,
	Address = {Paris},
	Author = {Bruno Latour},
	Booktitle = {El{\'e}ments d'histoire des sciences [Elements of History of Science]},
	Editor = {Michel Serres},
	Pages = {423--445},
	Publisher = {Bordas},
	Title = {{P}asteur et {P}ouchet: h{\'e}t{\'e}rogen{\`e}se de l'historie des sciences [{P}asteur and {P}ouchet: heterogenesis of the history of science]},
	Year = {1989}}

@incollection{data:VanHelmont:Transformations,
	Author = {{van Helmont}, {J}-{B}},
	Booktitle = {Les oevres {de} {J}ean-{B}aptiste {v}an {H}elmont},
	Editor = {{J}. {L}. Conte},
	Publisher = {Lyon},
	Title = {On the necessity of leavens in transformations},
	Year = {1671}}

@article{data:burch:smokingandlungcancer,
	Author = {P. R. J. Burch},
	Journal = {Journal of the Royal Statistical Society, Series~A},
	Number = {4},
	Pages = {437--477},
	Title = {Smoking and lung cancer: {T}he problem of inferring cause},
	Volume = {141},
	Year = {1978}}


@article{reilly2022gender,
  title={Gender differences in self-estimated intelligence: Exploring the male hubris, female humility problem.},
  author={Reilly, David and Neumann, David L. and Andrews, Glenda},
  journal={Frontiers in Psychology},
  volume={13},
  pages={812483--812483},
  year={2022}
}


@article{data:oconnor:pottingmix,
	Author = {B. A. {O'C}onnor and J. Carman and K. Eckert and G. Tucker and R. Givney and S. Cameron},
	Journal = {Epidemiology and Infection},
	Pages = {34--39},
	Title = {Does using potting mix make you sick? {R}esults from a {\textit{{L}egionella longbeachae}} case-control study in {S}outh {A}ustralia},
	Volume = {135},
	Year = {2007}}




@article{data:Meline2006:InclusionExclusion,
	Author = {Timothy Meline},
	Journal = {Contemporary Issues in Communication Science and Disorders},
	Pages = {21--27},
	Title = {Selecting studies for systematic review: inclusion and exclusion criteria},
	Volume = {33},
	Year = {2006}}



@article{data:Brown2000:WarningLights,
	Author = {Lawrence Brown and Christa L. Whitney and Richard C. Hunt and Michael Addario and Try Hogue},
	Journal = {Prehospital Emergency Care},
	Number = {1},
	Pages = {70--74},
	Title = {Do warning lights and sirens reduce ambulance response times?},
	Volume = {4},
	Year = {2000}}
	
	
@article{data:Maron:eucthreshold,
	Author = {Martine Maron},
	Journal = {Biological Conservation},
	Pages = {100--107},
	Title = {Threshold effect of eucalypt density on an aggressive avian competitor},
	Volume = {136},
	Year = {2007}}




@article{data:checkley:diarrhea,
	Author = {William Checkley and Robert H. Gilman and Robert E. Black and Andres G. Lescano and Lilia Cabrera and David N. Taylor and Lawrence H. Moulton},
	Journal = {Journal of Pediatrics},
	Number = {2},
	Pages = {210--218},
	Title = {Effects of nutritional status on diarrhea in {P}eruvian children},
	Url = {http://www.ncbi.nlm.nih.gov/pubmed/11865273},
	Volume = {140},
	Year = {2002}}




@article{data:Cook2000:Coeliac,
	Author = {Cook, H. Bramwell and Burt, Michael J. and Collett, Judith A. and Whitehead, Martin R. and Frampton, Christopher M. A. and Chapman, Bruce A.},
	Journal = {Journal of Gastroenterology and Hepatology},
	Number = {9},
	Pages = {1032--1036},
	Title = {Adult coeliac disease: prevalence and clinical significance},
	Volume = {15},
	Year = {2000}}





@article{data:Janatuinen2002:Coeliac,
	Author = {Janatuinen, E. K. and Kemppainen, T. A. and Julkunen, R. J. K. and Kosma, V.M. and M{\"a}ki, M. and Heikkinen, M. and Uusitupa, M. I. J.},
	Journal = {Gut},
	Number = {3},
	Pages = {332--335},
	Title = {No harm from five year ingestion of oats in coeliac disease},
	Volume = {50},
	Year = {2002}}
	
	
	

@article{data:Lundin2003:Coeliac,
	Author = {Lundin, K. E. A. and Nilsen, E. M. and Scott, H. G. and L{\o}berg, E. M. and Gj{\o}en, A. and Bratlie, J. and Skar, V. and Mendez, E. and L{\o}vik, A. and Kett, K.},
	Journal = {Gut},
	Number = {11},
	Pages = {1649--1652},
	Title = {Oats induced villous atrophy in coeliac disease},
	Volume = {52},
	Year = {2003}}




@article{data:Davidson2000:Amputees,
	Author = {Judith Davidson},
	Journal = {Journal of Hand Therapy},
	Number = {1},
	Pages = {62--70},
	Title = {A survey of the satisfaction of upper limb amputees with their prostheses, their lifestyles, and their abilities},
	Volume = {15},
	Year = {2002}
}



@article{data:Pons:ResponseTime,
	Author = {Peter T. Pons and Jason S. Haukoos and Whitney Bludworth and Thomas Cribley and Kathryn A. Pons and Vincent J. Markovchick},
	Journal = {Academic Emergency Medicine},
	Number = {7},
	Pages = {594--600},
	Title = {Paramedic response time: does it affect patient survival?},
	Volume = {12},
	Year = {2005}}



@article{data:Edwards2015:PA,
	Author = {Edwards, Nicholas M. and Myer, Gregory D. and Kalkwarf, Heidi J. and Woo, Jessica G. and Khoury, Philip R. and Hewett, Timothy E. and Daniels, Stephen R.},
	Journal = {Journal of Physical Activity and Health},
	Number = {8},
	Pages = {1074--1081},
	Title = {Outdoor temperature, precipitation, and wind speed affect physical activity levels in children: A longitudinal cohort study},
	Volume = {12},
	Year = {2015}}



@article{stead2010monitoring,
  title = {Monitoring reproduction in the critically endangered marsupial, {G}ilbert's potoroo ({P}otorous gilbertii): preliminary analysis of faecal oestradiol-17$\beta$, cortisol and progestagens},
  author = {Stead-{R}ichardson, Ernie and Bradshaw, Don and Friend, Tony and Fletcher, Terry},
  journal = {General and comparative endocrinology},
  volume = {165},
  number = {1},
  pages = {155--162},
  year = {2010},
  publisher = {Elsevier}
}


@article{weil2007paracetamol,
  title = {Paracetamol for pain relief after surgical removal of lower wisdom teeth},
  author = {Weil, Kiaran and Hooper, Lee and Afzal, Zahid and Esposito, Marco and Worthington, Helen V. and {v}an Wijk, Arjen and Coulthard, Paul},
  journal = {Cochrane Database of Systematic Reviews},
  number = {3},
  year = {2007},
  publisher = {John Wiley \& Sons, Ltd}
}



@article{curfman1993exercise,
  title = {Is exercise beneficial---or hazardous---to your heart?},
  author = {Curfman, Gregory D.},
  year = {1993},
  volume = {329},
  pages = {1730--1731},
  journal = {NEJM}
}


@article{mullaney2014practical,
  title = {Practical review of pervious pavement designs},
  author = {Mullaney, Jennifer and Lucke, Terry},
  journal = {CLEAN--Soil, Air, Water},
  volume = {42},
  number = {2},
  pages = {111--124},
  year = {2014},
  publisher = {Wiley Online Library}
}





@article{data:barrett:echinacea,
	Author = {Bruce Barrett and Roger Brown and Dave Rakel and Marlon Mundt and Kerry Bone and Shari Barlow and Tola Ewers},
	Journal = {Annals of Internal Medicine},
	Number = {12},
	Pages = {769--777},
	Title = {Echinacea for treating the common cold: a randomized trial},
	Volume = {153},
	Year = {2010}}



@article{data:sacks:weightloss,
	Annote = {Useful for intro stats, including some graphics},
	Author = {Frank M. Sacks and George A. Bray and Vincent J. Carey and Steven R. Smith and Donna H. Ryan and Stephen D. Anton and Katherine {McM}anus and Catherine Champagne and Louise M. Bishop and Nancy Laranjo and Meryl S. Leboff and Jennifer C. Rood and Lilian {de} Jonge and Frank L. Greenway and Catherine M. Loria and Eva Obarzanek and Donald A. Williamson},
	Journal = {The {N}ew {E}ngland Journal of Medicine},
	Number = {9},
	Pages = {859--873},
	Title = {Comparison of weight-loss diets with different compositions of fat, protein, and carbohydrates},
	Volume = {360},
	Year = {2009}}




@article{data:Pamphlett:toxins,
	Author = {R. Pamphlett},
	Journal = {{E}uropean Journal of Neurology},
	Pages = {1343--1348},
	Title = {Exposure to environmental toxins and the risk of sporadic motor neuron disease: an expanded {A}ustralian case--control study},
	Volume = {19},
	Year = {2012}}




@article{data:Choi2008:GoutSoftdrinks,
	Author = {Hyon K. Choi and Gary Curhan},
	Journal = {{B}ritish Medical Journal},
	Number = {7639},
	Pages = {309--312},
	Title = {Soft drinks, fructose consumption, and the risk of gout in men: prospective cohort study},
	Volume = {336},
	Year = {2008}}
	
	
@article{data:Russell2014:FoodInsecurity,
	Author = {J. Russell and V. Flood and H. Yeatman and P. Mitchell},
	Journal = {Journal of Nutrition, Health and Aging},
	Number = {1},
	Pages = {3--8},
	Title = {Prevalence and risk factors of food insecurity among a cohort of older {A}ustralians},
	Volume = {18},
	Year = {2014}}



@article{data:skulberg:dust,
	Annote = {Experiment; good for intro to stats/research},
	Author = {Knut R. Skulberg and Knut Skyberg and Kristian Kruse and Wijnand Eduard and Per Djupesland and Finn Levy and Helge Kjuus},
	Journal = {Epidemiology},
	Number = {1},
	Pages = {71--78},
	Title = {The effect of cleaning on dust and the health of office workers: {A}n intervention study},
	Volume = {15},
	Year = {2004}}






@article{data:Manzano2013:Matresses,
	Author = {Francisco Manzano and P{\'e}rez, Ana-{M}ar{\'i}a and Manuel Colmenero and Aguilar, Mar{\'i}a-{M}ar and S{\'a}nchez-{C}antalejo, Emilio and Reche, Ana-{M}ar{\'i}a and Juan Talavera and Francisca L{\'o}pez and Fr{\'i}as-{D}el Barco, Sonia and Ferd{\'a}ndez-{M}ondejar, Enrique},
	Journal = {Journal of Advanced Nursing},
	Number = {9},
	Pages = {2099--2106},
	Title = {Comparison of alternating pressure mattresses and overlays for prevention of pressure ulcers in ventilated intensive care patients: a quasi-experimental study},
	Volume = {69},
	Year = {2013}}





@article{gonzalez2007shear,
  title = {Shear strength of recycled concrete beams},
  author = {Gonzalez-Fonteboa, Belen and Martinez-Abella, Fernando},
  journal = {Construction and Building Materials},
  volume = {21},
  number = {4},
  pages = {887--893},
  year = {2007},
  publisher = {Elsevier}
}



@article{lee2016effect,
  title = {Effect of a brown rice based vegan diet and conventional diabetic diet on glycemic control of patients with type 2 diabetes: a 12-week randomized clinical trial},
  author = {Lee, Yu-Mi and Kim, Se-A and Lee, In-Kyu and Kim, Jung-Guk and Park, Keun-Gyu and Jeong, Ji-Yun and Jeon, Jae-Han and Shin, Ji-Yeon and Lee, Duk-Hee},
  journal = {{PloS One}},
  volume = {11},
  number = {6},
  year = {2016},
  publisher = {Public Library of Science}
}



@article{data:Bryson1976:Poll,
	Author = {Maurice C. Bryson},
	Journal = {The {A}merican Statistician},
	Number = {4},
	Pages = {184--185},
	Title = {The {L}iterary {D}igest poll: making of a statistical myth},
	Volume = {30},
	Year = {1976}}




@article{data:aspirin:headaches,
	Author = {Richard B. Lipton and Walter F. Stewart and Ryan Jr, Robert E. and Joel Saper and Stephen Silberstein and Fred Sheftell},
	Journal = {Archives of Neurology},
	Number = {2},
	Pages = {210--217},
	Title = {Efficacy and safety of acetaminophen, aspirin, and caffeine in alleviating migraine headache pain: three double-blind, randomized, placebo-controlled trials},
	Volume = {55},
	Year = {1998}}


@article{macdonald2008enough,
  title = {Is enough really enough?: Evaluation of an alcohol awareness campaign at {ECU} {J}oondalup},
  author = {{MacD}onald, Marissa},
  year = {2008},
  url = {https://ro.ecu.edu.au/theses_hons/1032}
}


@article{vaughn2009comparison,
  title = {A comparison of macroscopic and microscopic hair color measurements and a quantification of the relationship between hair color and thickness},
  author = {Vaughn, Michelle R. and Brooks, Elizabeth and van Oorschot, Roland A. H. and Baindur-Hudson, Swati},
  journal = {Microscopy and Microanalysis},
  volume = {15},
  number = {3},
  pages = {189--193},
  year = {2009},
  publisher = {Cambridge University Press}
}


@article{friedmann1985health,
  title = {Health benefits of pets for families},
  author = {Friedmann, Erika and Thomas, Sue},
  journal = {Marriage \& Family Review},
  volume = {8},
  number = {3-4},
  pages = {191--203},
  year = {1985},
  publisher = {Taylor \& Francis}
}

@article{wickstead2017comparing,
  title = {Comparing mental health literacy and physical health literacy: an exploratory study},
  author = {Wickstead, Robert and Furnham, Adrian},
  journal = {Journal of Mental Health},
  volume = {26},
  number = {5},
  pages = {449--456},
  year = {2017},
  publisher = {Taylor \& Francis}
}


@article{yang2018wombats,
  title = {How do wombats make cubed poo?},
  author = {Yang, Patricia and Chan, Miles and Carver, Scott and Hu, David},
  journal = {Bulletin of the American Physical Society},
  year = {2018},
  publisher = {APS}
}


@article{sedgwick2014non,
  title = {Non-response bias versus response bias},
  author = {Sedgwick, Philip},
  journal = {BMJ},
  volume = {348},
  pages = {g2573},
  year = {2014},
  publisher = {British Medical Journal Publishing Group}
}


@book{bock2010stats,
  title = {Stats: Modeling the World},
  author = {Bock, D. E. and Velleman, P. F. and De Veaux, R. D.},
  isbn = {9780321570444},
  lccn = {2008029019},
  url = {https://books.google.com.au/books?id = zHEJPwAACAAJ},
  year = {2010},
  publisher = {Addison-Wesley}
}




@techreport{data:Heiger:Homebuyer,
	Annote = {Cited in Bock (Stats: Modeling the Real World), 3rd edition. p 283},
	Author = {Jennifer Hieger},
	Institution = {{O}range {C}ounty {R}egister},
	Month = {27 July},
	Title = {Portrait of a homebuyer household: 2 kids and a {PC}},
	Year = {2001}}



@article{data:Bird2008:wholegrain,
	Author = {Anthony R. Bird and Michelle S. Vuaran and Roger A. King and Manny Noakes and Jennifer Keogh and Matthew K. Morell and David L. Topping},
	Journal = {{B}ritish Journal of Nutrition},
	Pages = {1032--1040},
	Title = {Wholegrain foods made from a novel high-amylose barley variety ({\emph{\MakeUppercase{H}imalaya 292}}) improve indices of bowel health in human subjects},
	Volume = {99},
	Year = {2008}}



@article{data:Guirao2017:amputees,
	Author = {Lluis Guirao and Samitier, C. Beatriz and Maria Costea and Josep Maria Camos and Maria Majo and Eulogio Pleguezuelos},
	Journal = {Prosthetics and Orthotics International},
	Number = {26--32},
	Title = {Improvement in walking abilities in transfemoral amputees with a distal weight bearing implant},
	Volume = {4},
	Year = {2017}}




@article{data:Waber2008:Placebo,
	Author = {Rebecca L. Waber and Baba Shiv and Ziv Carmon and Dan Ariely},
	Journal = {Journal of the {A}merican Medical Association},
	Number = {9},
	Pages = {1016--1017},
	Title = {Commercial features of placebo and therapeutic},
	Volume = {299},
	Year = {2008}}




@article{data:Solomon2002:Ginko,
	Author = {Paul R. Solomon and Felicity Adams and Amanda Silver and Jill Zimmer and {D}e {V}eaux, Richard},
	Journal = {Journal of the {A}merican Medical Association},
	Number = {7},
	Pages = {835--840},
	Title = {Ginko for memory enhancement},
	Volume = {288},
	Year = {2002}}




@article{data:Huskisson1974:placebo,
	Author = {E. C. Huskisson},
	Journal = {{B}ritish Medical Journal},
	Pages = {196--200},
	Title = {Simple analgesics for arthritis},
	Volume = {4},
	Year = {1974}}



@article{data:DollHill1950:Smoking,
	Author = {Richard Doll and A. Bradford Hill},
	Journal = {{B}ritish Medical Journal},
	Number = {ii},
	Pages = {739--748},
	Title = {Smoking and carcinoma of the lung},
	Volume = {221},
	Year = {1950}}




@techreport{data:Kahgane1998:RearBrakeLights,
	Author = {Charles J. Kahane and Ellen Hertz},
	Institution = {{NHTSA}},
	Month = {March},
	Number = {{DOT} {HT} 8087 696},
	Title = {The long-term effectiveness of center high mounted stop lamps in passenger cars and light trucks},
	Url = {https://one.nhtsa.gov/cars/rules/regrev/evaluate/808696.html},
	Year = {1998}}



@article{farrar2018short,
  title = {Short-term effects of organo-mineral enriched biochar fertiliser on ginger yield and nutrient cycling},
  author = {Farrar, Michael B. and Wallace, Helen M. and Xu, Cheng-Yuan and Nguyen, Thi Thu Nhan and Tavakkoli, Ehsan and Joseph, Stephen and Bai, Shahla Hosseini},
  journal = {Journal of Soils and Sediments},
  pages = {1--15},
  year = {2018},
  publisher = {Springer}
}



@article{data:Wojcik:ForwardFall,
	Annote = {Data gneerated consistent with this paper in Devore and Beck, p 495.},
	Author = {Laura A. Wojcik and Darryl G. Thelen and Albert B. Schultz and James A. Ashton-{M}iller and Neil B. Alexander},
	Journal = {Journal of Gerentology},
	Number = {1},
	Pages = {M44--M50},
	Title = {Age and gender differences in single-step recovery from a forward fall},
	Volume = {54A},
	Year = {1999}}



@article{data:Stensballe2005:Catheter,
	Author = {J. Stensballe and D. Looms and P. N. Nielsen and M. Tvede},
	Journal = {{E}uropean Urology},
	Pages = {978--983},
	Title = {Hydrophilic-coated catheters for intermittent catheterisation reduce urethral microtrauma: {A} prospective, randomised, participant-blinded, crossover study of three different types of catheter},
	Volume = {48},
	Year = {2005}}



@article{porter2004pros,
  title = {Pros and cons of paper and electronic surveys},
  author = {Porter, Stephen R.},
  journal = {New Directions for Institutional Research},
  volume = {2004},
  number = {121},
  pages = {91--97},
  year = {2004},
  publisher = {Wiley Online Library}
}




@article{mypapers:Dunn:dataset:1999,
	Author = {Peter K. Dunn},
	Journal = {Journal of Statistics Education},
	Note = {Published electronically},
	Number = {3},
	Title = {A simple dataset for demonstrating common distributions},
	Volume = {7},
	Year = {1999}}
	
	
@article{data:Steele:BabyBoom,
	Author = {S. Steele},
	Journal = {The Sunday Mail},
	Month = {December 21},
	Pages = {7},
	Title = {Babies by the Dozen for {C}hristmas: 24-Hour Baby Boom},
	Year = {1997}}



@article{data:Greenacre2016:reporting,
	Author = {Michael Greenacre},
	Journal = {Polar Biology},
	Number = {2189--2205},
	Title = {Data reporting and visualization in ecology},
	Volume = {39},
	Year = {2016}}




@article{data:Mages2017:BrainFreeze,
	Author = {Stephan Mages and Ole Hensel and Zierz, Antonia Maria and Torsten Kraya and Stephan Zierz},
	Journal = {Cephalalgia},
	Number = {5},
	Pages = {464--469},
	Title = {Experimental provocation of `ice-cream headache' by ice cubes and ice water},
	Volume = {37},
	Year = {2017}}




@article{data:Wetzel2005:McDonalds,
	Author = {Nathan Wetzel},
	Journal = {{STATS}},
	Pages = {12--14},
	Title = {{McD}onald's french fries: {W}ould you like small or large fries?},
	Volume = {43},
	Year = {2005}}



@article{data:Chapman1990:SpiderMonkeys,
	Author = {Colin A. Chapman},
	Journal = {Behavioral Ecology and Sociobiology},
	Pages = {409--414},
	Title = {Association patterns of spider monkeys: the influence of ecology and sex on social organisation},
	Volume = {26},
	Year = {1990}}



@article{data:Ocepek2013:SmartHome,
	Author = {Julija Ocepek and Anne E. K. Roberts and Gaj Vidmar},
	Journal = {Computational and Mathematical Methods in Medicine},
	Pages = {1--10},
	Title = {Evaluation of Treatment in the Smart Home {IRIS} in terms of Functional Independence and Occupational Performance and Satisfaction},
	Volume = {2013},
	Year = {2013}}



@article{data:Castle206:Thrombolysis,
	Author = {N. Castle and R. Owen and R. Vincent and N. Ineson},
	Journal = {Emergency Medicine},
	Pages = {444--445},
	Title = {What percentages of patients are suitable for prehospital thrombolysis?},
	Volume = {23},
	Year = {2006}}
	
	
	
@incollection{data:houchens:1988,
	Address = {USA},
	Author = {Robert L. Houchens and Nancy Schoeps},
	Booktitle = {Statistical Case studies: A collaboration between academe and industry},
	Editor = {Roxy Peck and Larry D Haugh and Arnold Goodman},
	Pages = {45--64},
	Publisher = {The {A}merican Statistical Society, and the Society for Industrial and Applied Mathematics},
	Series = {{ASA}--{SIAM} series on statistics and applied probability},
	Title = {Comparison of hospital length of stay between two insurers for patients with pediatric asthma},
	Year = {1998}}




@article{data:Friel:Graphs,
	Author = {Susan N. Friel and Frances R. Curcio and George W. Bright},
	Journal = {Journal for Research in Mathematical Education},
	Pages = {124--158},
	Title = {Making sense of graphs: Critical factors influencing comprehension and instructional implications},
	Year = {2001}}



@article{data:Hall2010:vitaminD,
	Author = {Laura M. Hall and Michael G. Kimlin and Pavel A. Aronov and Bruce D. Hammock and James R. Slusser and Leslie R. Woodhouse and Charles B. Stephensen},
	Journal = {The Journal of Nutrition},
	Pages = {542--550},
	Title = {Vitamin~{D} intake needed to maintain target serum 25-hydroxyvitamin {D} concentrations in participants with low sun exposure and dark skin pigmentation is substantially higher than current recommendations},
	Volume = {140},
	Year = {2010}}




@article{data:Ondei2017:monsoon,
	Author = {Stefania Ondei and Lynda D. Prior and Grant J. Williamson and Tom Vigilante and David M. J. S. Bowman},
	Journal = {Ecology and Evolution},
	Pages = {1-13},
	Title = {Water, land, fire, and forest: Multiscale determinants of rainforests in the {A}ustralian monsoon tropics},
	Year = {2017}}



@article{data:Hale2009:ProjectDelivery,
	Author = {Darren Hale and Pramen P. Shrestha and G. Edward Gibson and Giovanni C. Migliaccio},
	Journal = {Journal of Construction Engineering},
	Pages = {579--587},
	Title = {Empirical comparison of {D}esign/{B}uild and {D}esign/{B}id/{B}uild project delivery methods},
	Volume = {135},
	Year = {2009}}




@article{data:Silva2011:StoneCladding,
	Author = {A. Silva and J. L. Dias and P. L. Gaspar and {de B}rito, J.},
	Journal = {Building Research and Information},
	Number = {6},
	Pages = {637--653},
	Title = {Service life prediction models for exterior stone cladding},
	Volume = {39},
	Year = {2011}}



@article{data:Telford1991:sexsportsize,
	Author = {Richard D. Telford and Ross B. Cunningham},
	Journal = {Medicine and Science in Sports and Exercise},
	Number = {7},
	Pages = {788--794},
	Title = {Sex, sport, and body-size dependency of hematology in highly trained athletes},
	Volume = {23},
	Year = {1991}}




@article{data:Russell2009:Possums,
	Author = {Tracey C. Russell and Catherine A. Herbert and James L. Kohen},
	Journal = {{A}ustralian Journal of Zoology},
	Pages = {391--397},
	Title = {High possum mortality on urban roads: implications for the population viability of the common brushtail and the common ringtail possum},
	Volume = {57},
	Year = {2009}}





@article{data:Dillon2017:Geographic,
	Author = {Michael P. Dillon and Lauren V. Fortington and Muhammad Akram and Bircan Erbas and Friedbert Kohler},
	Journal = {{PLoS ONE}},
	Number = {1},
	Title = {Geographic variation of the incidence rate of lower limb amputation in {A}ustralia from 2007--12},
	Volume = {12},
	Year = {2017}}



@article{data:Lothian2006:Whey,
	Author = {James B. Lothian and Vijaylaxmi Grey and Larry C. Lands},
	Journal = {International Journal of Food Science and Nutrition},
	Number = {3/4},
	Pages = {204--211},
	Title = {Effect of whey protein to modulate immune response in children with atopic asthma},
	Volume = {57},
	Year = {2006}}




@article{data:Dawson2017:BirthdayCakes,
	Author = {Paul Dawson and Inyee Han and Danielle Lynn and Jenevieve Lackey and Johnson Baker and Rose Martinez-{D}awson},
	Journal = {Journal of Food Research},
	Number = {4},
	Pages = {1--5},
	Title = {Bacterial transfer associated with blowing out candles on a birthday cake},
	Volume = {6},
	Year = {2017}}




@book{data:hand:handbook,
	Address = {London},
	Author = {D. J. Hand and F. Daly and A. D. Lunn and K. J. {McC}onway and E. Ostrowski},
	Publisher = {Chapman and Hall},
	Title = {A Handbook of Small Data Sets},
	Year = {1996}}
	
	
	
@book{data:sokal:biometry,
	Address = {New York},
	Author = {R. R. Sokal and F. J. Rohlf},
	Edition = {Third},
	Publisher = {W. H. Freeman and Company},
	Title = {Biometry: The Principles and Practice of Statistics in Biological Research},
	Year = {1995}}


@book{data:hald:statistical,
	Address = {New York},
	Author = {A. Hald},
	Publisher = {John Wiley and Sons},
	Title = {Statistical Theory with Engineering Applications},
	Year = {1952}}



@article{data:Charig:stones,
	Author = {C. R. Charig and D. R. Webb and S. R. Payne and J. E. A. Wickham},
	Journal = {{B}ritish Medical Journal},
	Pages = {879-882},
	Title = {Comparison of treatment of renal calculi by open surgery, percutaneous nephrolithotomy, and extracorporeal shockwave lithotripsy},
	Volume = {292},
	Year = {1986}}
	
	
	
	
@article{data:kelishadi2017:snack,
	Author = {Roya Kelishadi and Nafiseh Mozafarian and Mostafa Qorbani and Mohammad Esmaeil Motlagh and Saeid Safiri and Gelayol Ardalan and Mojtaba Keikhah and Fatemeh Rezaei and Ramin Heshmat},
	Journal = {Eat Weight Disorders},
	Pages = {321--328},
	Title = {Is snack consumption associated with meal skipping in children and adolescents? The {CASPIAN-IV} study},
	Volume = {22},
	Year = {2017}}



@article{data:Sivak1993:BrakeLamps,
	Author = {Michael Sivak and Michael Flannagan},
	Journal = {Ergonomics},
	Number = {4},
	Pages = {391--395},
	Title = {Fast-rise brake lamp as a collision-prevention device},
	Volume = {36},
	Year = {1993}}




@article{data:Kelpin2018:AlcoholCoffee,
	Author = {Sydney S. Kelpin and Thomas B. Moore and Lynn C. Hull and Pamela M. Dillon and Bridget L. Perry and Leroy R. Thacker and Linda Hancock and Dace S. Svikis},
	Journal = {Journal of Substance Use},
	Title = {Alcohol use and problems in daily and non-daily coffee drinking college females},
	Volume = {23},
	Number = {6},
	Pages = {574--578},
	Year = {2018}}




@article{data:Dexter2018:Koalas,
	Author = {C. E. Dexter and R. G. Appleby and J. Scott and J. P. Edgar and D. N. Jones},
	Journal = {Australian Mammalogy},
	Number = {1},
	Pages = {67--75},
	Title = {Individuals matter: predicting koala road crossing behaviour in south-east {Q}ueensland},
	Volume = {40},
	Year = {2018}}




@article{data:Sutherland:SaltIntake,
	Author = {Jennifer Sutherland and Phil Edwards and Bhavani Shankar and Alan D. Dangour},
	Journal = {{B}ritish Journal of Nutrition},
	Title = {Fewer adults add salt at the table after initiation of a national salt campaign in the {UK}: a repeated cross-sectional analysis},
	Year = {2012}}




@article{data:MacDonald:Resuscitation,
	Author = {Russell D. {MacD}onald and Vicki {LeB}lanc and Brad {McA}rthur and Adam Dubrowski},
	Journal = {Prehospital Emergency Care},
	Number = {2},
	Pages = {254--259},
	Title = {Performance of resuscitation skills by paramedic personnel in chemical protective suits},
	Volume = {10},
	Year = {2006}}
	
	
	
@article{data:silverman:CT,
	Author = {S. G. Silverman and K. Tuncali and D. F. Adams and R. D. Nawfel and K. H. Zou and P. F. Judy},
	Journal = {Radiology},
	Pages = {673--681},
	Title = {{CT} fluoroscopy-guided adbominal interventions: Techniques, results, and radiation exposure},
	Volume = {212},
	Year = {1999}}




@article{data:zou:fluoroscopy,
	Author = {Kelly H. Zou and Kemal Tuncali and Stuart G. Silverman},
	Journal = {Radiology},
	Pages = {617--628},
	Title = {Correlation and simple linear regression},
	Volume = {227},
	Year = {2003}
}


@book{mypapers:dunnsmyth:glms,
	Author = {Peter K. Dunn and Gordon K. Smyth},
	Publisher = {Springer},
	Title = {Generalized linear models with examples in {R}},
	Year = {2018}
}






@manual{data:NHANES:Rpackage,
	Author = {Randall Pruim},
	Note = {R package version 2.1.0},
	Title = {{NHANES}: Data from the {US} {N}ational {H}ealth and {N}utrition {E}xamination {S}tudy},
	Url = {https://CRAN.R-project.org/package = NHANES},
	Year = {2015}
}





 
@manual{computing:GLMsData:Rpackage,
	Author = {Peter K. Dunn and Gordon K. Smyth},
	Note = {R package version 1.0.0},
	Title = {GLMsData: Generalized linear model data sets},
	Url = {https://CRAN.R-project.org/package = GLMsData},
	Year = {2017}
}






@misc{data:NHANES3,
	Address = {{H}yattsville, {MD}},
	Author = {{Center for Disease Control and Prevention}},
	Howpublished = {Public Use Data File Documentation Number 76200},
	Publisher = {{U.S.} {D}epartment of {H}ealth and {H}uman {S}ervices, {C}enters for {D}isease {C}ontrol and {P}revention},
	Title = {{N}ational {C}enter for {H}ealth {S}tatistics. {T}hird {N}ational {H}ealth and {N}utrition {E}xamination {S}urvey, 1988--1994, {NHANES III} {L}aboratory {D}ata {F}ile},
	Url = {https://wwwn.cdc.gov/nchs/data/nhanes3/1a/readme.txt},
	Year = {1996}}
	
	

@misc{data:NHANES3:Data,
	Address = {{H}yattsville, {MD}},
	Author = {{Center for Disease Control and Prevention (CDC)}},
	Publisher = {{U.S.} {D}epartment of {H}ealth and {H}uman {S}ervices, {C}enters for {D}isease {C}ontrol and {P}revention},
	Title = {{N}ational {C}enter for {H}ealth {S}tatistics. {N}ational {H}ealth and {N}utrition {E}xamination {S}urvey {D}ata},
	Year = {1988--1994}}



@article{data:Blair2017:Peanuts,
	Author = {Benjamin F. Blair and Marshall C. Lamb},
	Journal = {Peanut Science},
	Pages = {124--133},
	Title = {Evaluating concentrations of pesticides and heavy metals in the {U.S.} peanut crop in the presence of detection limits},
	Volume = {44},
	Year = {2017}}



@article{data:Tager:FEV,
	Author = {Ira B. Tager and Scott T. Weiss and Bernard Rosner and Frank E. Speizer},
	Journal = {{A}merican Journal of Epidemiology},
	Number = {1},
	Pages = {15--26},
	Title = {Effect of parental cigarette smoking on the pulmonary function of children},
	Volume = {110},
	Year = {1979}}




@article{BIB:data:FEV,
	Author = {Michael Kahn},
	Journal = {Journal of Statistical Education},
	Note = {Available on-line at \url{http://www.amstat.org/publications/jse/v13n2/datasets.kahn.html}},
	Number = {2},
	Title = {An exhalent problem for teaching statistics},
	Volume = {13},
	Year = {2005}}




@book{data:OpenUni:insulationBA,
	Author = {{The {O}pen {U}niversity}},
	Publisher = {{T}he {O}pen {U}niversity},
	Title = {{MDST242} {S}tatistics in {S}ociety, {U}nit {A}0: {I}ntroduction},
	Year = {1983}}



@article{data:Zimmerman1997:Pairedt,
	Author = {Donald W. Zimmerman},
	Journal = {Journal of Educational and Behavioral Statistics},
	Number = {3},
	Pages = {349--360},
	Title = {A note on the interpretation of the paired-samples $t$-test},
	Volume = {22},
	Year = {1997}}



@article{data:Willems1997:CHD,
	Author = {J. P. Willems and J. T. Saunders and D. E. Hunt and J. B. Schorling},
	Journal = {Southern Medical Journal},
	Note = {Data obtained from {\url{http://biostat.mc.vanderbilt.edu/DataSets}}},
	Number = {8},
	Pages = {814-820},
	Title = {Prevalence of coronary heart disease risk factors among rural blacks: a community-based study},
	Volume = {90},
	Year = {1997}}




@article{data:Schorling1997:smoking,
	Author = {J. B. Schorling and J. Roach and M. Siegel and N. Baturka and D. E. Hunt and T. M. Guterbock and H. L. Stewart},
	Journal = {Preventative Medicine},
	Note = {Data obtained from {\url{http://biostat.mc.vanderbilt.edu/DataSets}}},
	Number = {1},
	Pages = {92--101},
	Title = {A trial of church-based smoking cessation interventions for rural {A}frican {A}mericans.},
	Volume = {26},
	Year = {1997}}




@article{data:Fritts2018:Vegetables,
	Author = {Juliana R. Fritts and Clara Fort and Anne Quinn Corr and Qihan Liang and Laurie Alla and Terri Cravener and John E. Hayes and Barbara J. Rolls and Christopher {D'A}damo and Kathleen L. Keller},
	Journal = {Food Quality and Preference},
	Pages = {125--134},
	Title = {Herbs and spices increase liking and preference for vegetables among rural high school students},
	Volume = {68},
	Year = {2018}
}



@article{data:macgregor:essential,
	Author = {Graham A. {MacG}regor and N. D. Markandu and J. E. Roulston and J. C. Jones},
	Journal = {{B}ritish Medical Journal},
	Pages = {1106--1109},
	Title = {Essential hypertension: effect of an oral inhibitor of angiotensin-converting enzyme},
	Volume = {2},
	Year = {1979}}




@article{data:Allen2018:Smoking,
	Author = {Alicia M. Allen and Nermine M. Abdelwahab and Samantha Carlson and Tyler A. Bosch and Lynn E. Eberly and Kola Okuyemie},
	Journal = {Addictive Behaviors},
	Pages = {34--37},
	Title = {Effect of brief exercise on urges to smoke in men and women smokers},
	Volume = {77},
	Year = {2018}}



@book{data:Selvin1991:BehaviourTypes,
	Author = {S. Selvin},
	Publisher = {{O}xford {U}niversity Press},
	Title = {Statistical analysis of epidemiological data},
	Year = {1991}}




@article{data:Strayer2001:phones,
	Author = {David L. Strayer and William A. Johnston},
	Journal = {Psychological Science},
	Number = {6},
	Pages = {462--466},
	Title = {Driven to distraction: dual-task studies of simulated driving and conversing on a cellular telephone},
	Volume = {12},
	Year = {2001}}


@article{agresti2007statistics,
  title = {Statistics: The Art and Science of Learning from Data},
  author = {Agresti, Alan and Franklin, Christine A.},
  edition = {3rd edition},
  year = {2007},
  publisher = {Pearson Education Limited}
}




@article{data:ForestBiomass2017,
	Author = {Schepaschenko, Dmitry and Shvidenko, Anatoly and Usoltsev, Vladimir A. and Lakyda, Petro and Luo, Yunjian and Vasylyshyn, Roman and Lakyda, Ivan and Myklush, Yuriy and See, Linda and McCallum, Ian and Fritz, Steffen and Kraxner, Florian and Obersteiner, Michael},
	Journal = {Scientific Data},
	Pages = {1--11},
	Title = {A dataset of forest biomass structure for {E}urasia},
	Volume = {4},
	Year = {2017}}



@incollection{schepaschenko2017bpdb,
	Author = {Dmitry {Schepaschenko} and Anatoly {Shvidenko} and Vladimir A. {Usoltsev} and Petro {Lakyda} and Yunjian {Luo} and Roman {Vasylyshyn} and Ivan {Lakyda} and Yuriy {Myklush} and Linda {See} and Ian {McCallum} and Steffen {Fritz} and Florian {Kraxner} and Michael {Obersteiner}},
	Doi = {10.1594/PANGAEA.871465},
	Note = {In supplement to: Schepaschenko, D et al. (2017): A dataset of forest biomass structure for Eurasia. Scientific Data, 4, 170070, doi:10.1038/sdata.2017.70},
	Publisher = {PANGAEA},
	Title = {{Biomass plot data base}},
	Type = {data set},
	Url = {https://doi.pangaea.de/10.1594/PANGAEA.871465},
	Year = {2017}}





@article{data:Aloy2011:Litter,
	Author = {Alexander B. Aloy and Vallejo Jr., Benjamin M. and Marie Antonette Juinio-{M}e{\~n}ez},
	Journal = {Marine Pollution Bulletin},
	Pages = {1772--1779},
	Title = {Increased plastic litter cover affects the foraging activity of the sandy intertidal gastropod {\textit{{N}assarius pullus}}},
	Volume = {62},
	Year = {2011}}





@article{data:Becker1991:BHADP,
	Author = {Heather Becker and Alexa K. Stuifbergen and Dolores Sands},
	Journal = {{A}merican Journal of Health Promotion},
	Number = {6},
	Pages = {449--454},
	Title = {Development of a Scale to Measure Barriers to Health Promotion Activities Among Persons with Disabilities},
	Volume = {5},
	Year = {1991}}






@article{data:Mann12017:UniStudents,
	Author = {Linda Mann and Karen Blotnicky},
	Journal = {International Journal of Health Sciences},
	Number = {2},
	Pages = {42--52},
	Title = {Influences of physical environments on university student eating behaviors},
	Volume = {5},
	Year = {2017}}




@article{data:Kohlmeier1992:BirdsCancer,
	Author = {L. Kohlmeier and G. Arminger and S. Bartolomeycik and B. Bellach and J. Rehm and M. Thamm},
	Journal = {{B}ritish Medical Journal},
	Number = {6860},
	Pages = {986--989},
	Title = {Pet birds as an independent risk factor for lung cancer: case-control study},
	Volume = {305},
	Year = {1992}}




@article{data:Wallace2017:Sunburn,
	Author = {Hilary J. Wallace and Mark W. Fear and Margaret M. Crowe and Lisa J. Martin and Fiona M. Wood},
	Journal = {Burns},
	Pages = {1271--1283},
	Title = {Identification of factors predicting scar outcome after burn in adults: A prospective case-control study},
	Volume = {43},
	Year = {2017}}





@article{data:Gammon2012:B12,
	Author = {Cheryl S. Gammon and {von H}urst, Pamela R. and Joan Coad and Rozanne Kruger and Welma Stonehouse},
	Journal = {Nutrition},
	Pages = {20--24},
	Title = {Vegetarianism, vitamin {B12}, and insulin resistance in a group of predominately overweight/obese {S}outh {A}frician women},
	Volume = {28},
	Year = {2012}}





@article{data:Christensen:sandflies,
	Author = {H. A. Christensen and A. Herrer and S. R. Telford},
	Journal = {Annals of Tropical Medicine {\&} Parasitology},
	Number = {1},
	Pages = {55--66},
	Title = {Enzootic cutaneous leishmaniasis in eastern {P}anama: {II}: entomological investigations.},
	Volume = {66},
	Year = {1972}}





@book{data:Wunderlich:BodyTemp,
	Address = {Leipzig, Germany},
	Author = {C. Wunderlich},
	Publisher = {Otto Wigard},
	Title = {Das Verhalten der {E}iaenwarme in {K}rankenheitem},
	Year = {1868}}





@article{data:mackowiak:bodytemp,
	Annote = {Good for intro to h tests},
	Author = {Philip A. Mackowiak and Steven S. Wasserman and Myron M. Levine},
	Journal = {Journal of the {A}merican Medical Association},
	Number = {12},
	Pages = {1578--1580},
	Title = {A critical appraisal of $98.6^\circ${F}, the upper limit of the normal body temperature, and other legacies of {C}arl {R}einhold {A}ugust {W}underlich},
	Volume = {268},
	Year = {1992}}




@article{data:Nakamua2000:ACL,
	Author = {Norima Nakamura and Shuji Horibe and Yukiyoshi Toritsuka and Tomoki Mitsuoka and Hideki Yoshikawa and Konsei Shino},
	Journal = {{A}merican Journal of Sports Medicine},
	Number = {2},
	Pages = {261--267},
	Title = {Acute grade {III} medial collateral ligament injury of the knee associated with anterior cruciate ligament tear: the usefulness of magnetic resonance imaging in determining a treatment regimen},
	Volume = {31},
	Year = {2000}}




@book{data:Altman1991:PracticalStats,
	Author = {Douglas G. Altman},
	Publisher = {Chapman {\&} Hall},
	Title = {Practical Statistics for Medical Research},
	Year = {1991}}




@article{data:Dawson1997:Alcohol,
	Author = {Drew Dawson and Kathryn Reid},
	Journal = {Nature},
	Pages = {235},
	Title = {Fatigue, alcohol and performance impairment},
	Volume = {388},
	Year = {1997}}



@article{data:Moir1961:RuminantDiet,
	Author = {R. J. Moir},
	Journal = {{A}ustralian Journal of Experimental Agriculture and Animal Husbandry},
	Pages = {24--26},
	Title = {A note on the relationship between the digestible dry matter and the digestable energy content of ruminant diets},
	Volume = {1},
	Year = {1961}}




@webpage{data:smyth:ozdasl,
	Author = {Gordon K. Smyth},
	Lastchecked = {13 December},
	Note = {{\url{http://www.statsci.org/data/}}},
	Title = {{Oz\textsc{dasl}}---{A}ustralasian Data and Story Library},
	Url = {http://www.statsci.org/data/index.html},
	Year = {2010}}




@article{data:Dasch2002:MistGeneration,
	Author = {Jean M. Dasch and Carolina C. Ang and Michael Mood and Douglas Knowles},
	Journal = {Lubrication Engineering},
	Pages = {10--17},
	Title = {Variables affecting mist generation from metal removal fluids},
	Volume = {58},
	Year = {2002}}



@article{sloof1987nucleotide,
  title = {The nucleotide sequence of a 3.2 kb segment of mitochondrial maxicircle DNA from Crithidia fasciculata containing the gene for cytochrome oxidase subunit III, the N-terminal part of the apocytochrome b gene and a possible frameshift gene; further evidence for the use of unusual initiator triplets in trypanosome mitochondria},
  author = {Sloof, Paul and van den Burg, Janny and Voogd, Arthur and Benne, Rob},
  journal = {Nucleic Acids Research},
  volume = {15},
  number = {1},
  pages = {51--65},
  year = {1987},
  publisher = {Oxford University Press}
}


@misc{hijazi2013retracted,
  title = {RETRACTED: Reaction of a bidentate ligands (4, 4'-dimethyl 2, 2'-bipyridine) with planar-chiral chloro-bridged ruthenium: Synthesis of cis-dicarbonyl [4, 4'-dimethyl-2, 2'-bipyridine-$\kappa$O1, $\kappa$O2]$\{$2-[tricarbonyl ($\eta$6-phenylene-$\kappa$C1) chromium] pyridine-$\kappa$N$\}$ ruthenium hexafluorophosphate},
  author = {Hijazi, Akram and Hamad, Hussein and Djukic, Jean-Pierre and Daher, Ahmad and Reda, Mohamad and Walther, Mathieu and Ricard, Louis},
  year = {2013},
  journal = {Inorganica Chimica Acta},
  publisher = {Elsevier}
}

@misc{hijazi2013,
  title = {Reaction of a bidentate ligands (4, 4'-dimethyl 2, 2'-bipyridine) with planar-chiral chloro-bridged ruthenium: Synthesis of cis-dicarbonyl [4, 4'-dimethyl-2, 2'-bipyridine-$\kappa$O1, $\kappa$O2]$\{$2-[tricarbonyl ($\eta$6-phenylene-$\kappa$C1) chromium] pyridine-$\kappa$N$\}$ ruthenium hexafluorophosphate},
  author = {Hijazi, Akram and Hamad, Hussein and Djukic, Jean-Pierre and Daher, Ahmad and Reda, Mohamad and Walther, Mathieu and Ricard, Louis},
  year = {2013},
  journal = {Inorganica Chimica Acta},
  publisher = {Elsevier}
}



@article{data:axelsson:beautysleep,
	Author = {John Axelsson and Tina Sundelin and Michael Ingre and {van} Someren, Eus J. W. and Andreas Olsson and Mats Lekander},
	Journal = {{B}ritish Medical Journal},
	Title = {Beauty sleep: {E}xperimental study on the perceived health and attractiveness of sleep deprived people},
	Volume = {341},
	Year = {2010}}




@article{data:Baur2012:Firefighters,
	Author = {Dorothee M. Baur and Costas A. Christophi and Stefanos N. Kales},
	Journal = {Journal of Strength and Conditioning Research},
	Number = {9},
	Pages = {2331--2337},
	Title = {Metabolic syndrome is inversely related to cardiorespiratory fitness in male career firefighters},
	Volume = {26},
	Year = {2012}}
	
	
	
@article{data:Baughman2007:SixMinuteWalk,
	Author = {Robert P. Baughman and Brian K. Sparkman and Elyse E. Lower},
	Journal = {Chest},
	Number = {1},
	Pages = {207--213},
	Title = {Six-minute walk test and health status assessment in sarcoidosis},
	Volume = {132},
	Year = {2007}}



@article{ehlers1970corneal,
  title = {On corneal thickness and intraocular pressure. II: A clinical study on the thickness of the corneal stroma in glaucomatous eyes},
  author = {Ehlers, Niels},
  journal = {Acta ophthalmologica},
  volume = {48},
  number = {6},
  pages = {1107--1112},
  year = {1970},
  publisher = {Wiley Online Library}
}



@book{data:Marsh1988:ExploringData,
	Address = {Cambridge, {UK}},
	Author = {Alain Badiou and Catherine Marsh and Marcel Gauchet},
	Publisher = {Polity Press},
	Title = {Exploring Data: An Introduction to Data Analysis for Social Scientists},
	Year = {1988}}




@article{data:Ejtahed2012:Yoghurt,
	Author = {Hanie S. Ejtahed and Javad Mohtadi-{N}ia and Aziz Homayouni-{R}ad and Mitra Niafar and Mohammad Asghari-{J}afarabadi and Vahid Mofid},
	Journal = {Nutrition},
	Pages = {539--543},
	Title = {Probiotic yogurt improves antioxidant status in type~2 diabetic patients},
	Volume = {28},
	Year = {2012}}




@article{data:Byrn:1993,
	Author = {Carsten Bryn and Ingemar Olsson and L. Falkheden and O. Bunketorp and M. Lindh and U. H{\"o}sterey and M. Fogelberg},
	Journal = {The Lancet},
	Number = {8843},
	Pages = {449--452},
	Title = {Subcutaneous sterile water injections for chronic neck and shoulder pain following whiplash injuries},
	Volume = {341},
	Year = {1993}}






@article{data:Dasch2002:MistGeneration,
	Author = {Jean M. Dasch and Carolina C. Ang and Michael Mood and Douglas Knowles},
	Journal = {Lubrication Engineering},
	Pages = {10--17},
	Title = {Variables affecting mist generation from metal removal fluids},
	Volume = {58},
	Year = {2002}}




@article{data:Holgate1965:StraightLine,
	Author = {P. Holgate},
	Journal = {Biometrics},
	Number = {3},
	Pages = {715--720},
	Title = {Fitting a straight line to data from a truncated population},
	Volume = {21},
	Year = {1965}}
	
	
	
	
@article{loesch2000secular,
  title = {Secular trend in body height and weight of {A}ustralian children and adolescents},
  author = {Loesch, D. Z. and Stokes, K. and Huggins, R. M.},
  journal = {American Journal of Physical Anthropology: The Official Publication of the American Association of Physical Anthropologists},
  volume = {111},
  number = {4},
  pages = {545--556},
  year = {2000},
  publisher = {Wiley Online Library}
}




@article{climate:stone:1992,
	Author = {Roger C. Stone and A. Auliciems},
	Journal = {International Journal of Climatology},
	Pages = {625--636},
	Title = {{SOI} phase relationships with rainfall in eastern {A}ustralia},
	Volume = {12},
	Year = {1992}}



@article{climate:stone:1996,
	Author = {Roger C. Stone and Graeme L. Hammer and Torben Marcussen},
	Journal = {Nature},
	Pages = {252--255},
	Title = {Prediction of global rainfall probabilities using phases of the southern oscillation index},
	Volume = {384},
	Year = {1996}}








@article{data:woolf:ironstatus,
	Author = {Kathleen Woolf and Megan M. {St. T}homas and Nicole Hahn and Linda A. Vaughan and Amanda G. Carlson and Pamela Hinton},
	Journal = {International Journal of Sport Nutrition and Exercise Metabolism},
	Pages = {519--535},
	Title = {Iron status in highly active and sedentary young women},
	Volume = {19},
	Year = {2009}}
	
	
	

@article{data:Grabosky2016:Trees,
	Author = {J. Grabosky and N. Bassuk},
	Journal = {Urban Forestry {\&} Urban Greening},
	Pages = {103--109},
	Title = {Seventeen years' growth of street trees in structural soil compared with a tree lawn in {N}ew {Y}ork {C}ity},
	Volume = {16},
	Year = {2016}}




@article{data:McLinn:otitis,
	Author = {Samuel E. {McL}inn and Michael Moskal and Johanna Goldfarb and Frank Bodor and Gerson Aronovitz and Richard Schwartz and Pamela Self and Michael J. Ossi},
	Journal = {Antimicrobial Agents and Chemotherapy},
	Number = {2},
	Pages = {315--318},
	Title = {Comparison of cefuroxime axetil and amoxicillin-clavulanate suspensions in treatment of acute otitis media with effusion in children},
	Volume = {38},
	Year = {1994}}





@article{sterndale2017increasing,
  title = {Increasing dietary tryptophan and decreasing other large neutral amino acids increases weight gain and feed intake in weaner pigs infected with Escherichia coli},
  author = {Sterndale, S. O. and Miller, D. W. and Mansfield, J. P. and Kim, J. C. and Pluske, J.R.},
  journal = {Animal Production Science},
  volume = {57},
  number = {12},
  pages = {2410--2410},
  year = {2017},
  publisher = {{CSIRO}}
}





@article{data:Paul2008:Comfort,
	Author = {Warren L. Paul and Peter A. Taylor},
	Journal = {Building and Environment},
	Pages = {1858--1870},
	Title = {A comparison of occupant comfort and satisfaction between a green building and a conventional building},
	Volume = {43},
	Year = {2008}}





@article{data:Haque209:MotorcycleCrashes,
	Author = {Md. Mazharul Haque and Hoong Chor Chin and Helai Huang},
	Journal = {Accident Analysis and Prevention},
	Pages = {327--335},
	Title = {Modeling fault among motorcyclists involved in crashes},
	Volume = {41},
	Year = {2009}}





@article{data:Pinna2005:PacedBreathing,
	Author = {G. D. Pinna and R. Maestri and M. T. {La R}overe and E. Gobbi and F. Fanfulla},
	Journal = {{A}merican Journal of Physiology---Heart and Circulatory Physiology},
	Pages = {H424--H433},
	Title = {Effect of paced breathing on ventilatory and cardiovascular variability parameters during short-term investigations of autonomic function},
	Volume = {290},
	Year = {2006}}




@article{data:Danielsson2014:Depression,
	Author = {Louise Danielsson and Ilias Papoulias and Eva-{L}isa Petersson and Jane Carlsson and Margda Waern},
	Journal = {Journal of Affective Disorders},
	Pages = {98--106},
	Title = {Exercise or basic body awareness therapy as add-on treatment for major depression: A controlled study},
	Volume = {168},
	Year = {2014}}


@Manual{Software:Rsoftware,
    title = {R: A Language and Environment for Statistical Computing},
    author = {{R Core Team}},
    organization = {R Foundation for Statistical Computing},
    address = {Vienna, Austria},
    year = {2018},
    url = {https://www.R-project.org/}
}
  
  
@Manual{Software:jamovi,
    title = {{jamovi} (Version 1.0) [Computer Software]},
    author = {{The jamovi Project}},
    url = {https://www.jamovi.org}
}

@Manual{Software:SPSS,
    title = {{IBM} {SPSS} Statistics for {W}indows, Version 24.0},
    author = {{IBM Corp}},
    organization = {{IBM} Corp},
    address = {Armonk, NY},
    year = {2016}
  }



  @Book{Software:Rbookdown,
    title = {bookdown: Authoring Books and Technical Documents with {R} Markdown},
    author = {Yihui Xie},
    publisher = {Chapman and Hall/CRC},
    address = {Boca Raton, Florida},
    year = {2016},
    note = {ISBN 978-1138700109},
    url = {https://github.com/rstudio/bookdown},
  }



@article{data:Silva2016:rootcanal,
	Author = {Silva, Emmanuel Jo{\~a}o Nogueira Leal and Nancy Kudsi Carvalho and Marina C. Prado and Mayara Zanon and Plinio Mendes Senna and Erick M. Souza and Gustavo De-{D}eus},
	Journal = {Journal of Endodontics},
	Number = {11},
	Pages = {1656--1659},
	Title = {Push-out Bond Strength of Injectable Pozzolan-based root canal sealer},
	Volume = {42},
	Year = {2016}}




@book{others:robson:realworldresearch,
	Author = {Colin Robson},
	Edition = {Second},
	Publisher = {Blackwell Publishing},
	Title = {Real World Research},
	Year = {2002}}

@book{manly2014introduction,
  title = {Introduction to ecological sampling},
  author = {Manly, Bryan F. J. and Alberto, Jorge A. Navarro},
  year = {2014},
  publisher = {{CRC} Press}
}



@article{mccarney2007hawthorne,
  title = {The {H}awthorne Effect: a randomised, controlled trial},
  author = {{McC}arney, Rob and Warner, James and Iliffe, Steve and Van Haselen, Robbert and Griffin, Mark and Fisher, Peter},
  journal = {BMC medical research methodology},
  volume = {7},
  number = {1},
  pages = {30},
  year = {2007},
  publisher = {BioMed Central}
}





@article{teillet2010consumer,
  title = {Consumer perception and preference of bottled and tap water},
  author = {Teillet, Eric and Urbano, Christine and Cordelle, Sylvie and Schlich, Pascal},
  journal = {Journal of sensory studies},
  volume = {25},
  number = {3},
  pages = {463--480},
  year = {2010},
  publisher = {Wiley Online Library}
}





@article{klanian2018integrated,
  title = {Integrated effect of nutrients from a recirculation aquaponic system and foliar nutrition on the yield of tomatoes {\textit{Solanum lycopersicum L.}} and {\textit{Solanum pimpinellifolium}}},
  author = {Klanian, Mariel Gullian and Diaz, Mariana Delgadillo and Aranda, Javier and Ju{\'a}rez, Carolina Rosales},
  journal = {Environmental Science and Pollution Research},
  pages = {1--13},
  year = {2018},
  publisher = {Springer}
}




@Manual{Rpackage:diagram,
    title = {diagram: Functions for Visualising Simple Graphs (Networks), Plotting Flow Diagrams},
    author = {Karline Soetaert},
    year = {2017},
    note = {R package version 1.6.4},
    url = {https://CRAN.R-project.org/package = diagram},
}
  




@article{bambauer2012defending,
  title = {Defending the dog},
  author = {Bambauer, Jane},
  journal = {Oregon Law Review},
  volume = {91},
  pages = {1203},
  year = {2012},
  publisher = {HeinOnline}
}




@book{fink1995survey,
  title = {The survey handbook. The Survey kit},
  author = {Fink, Arlene},
  year = {1995},
  publisher = {SAGE Publications, Incorporated}
}



@article{henderson1981building,
  title = {Building multiple regression models interactively},
  author = {Henderson, Harold V. and Velleman, Paul F.},
  journal = {Biometrics},
  pages = {391--411},
  year = {1981},
  publisher = {JSTOR}
}


@article{elton1942ten,
  title = {The ten-year cycle in numbers of the lynx in Canada},
  author = {Elton, Charles and Nicholson, Mary},
  journal = {The Journal of Animal Ecology},
  pages = {215--244},
  year = {1942},
  publisher = {JSTOR}
}



@article{data:brockmann:crabs,
	Author = {H. J. Brockmann},
	Journal = {Ethology},
	Pages = {1--21},
	Title = {Satellite male groups in horseshoe crabs, {\textit{Limulus polyphemus}}},
	Volume = {102},
	Year = {1996}}
	
	
	
	
@article{data:Lane2002:GLMsoilscience,
	Author = {P. W. Lane},
	Journal = {{E}uropean Journal of Soil Science},
	Pages = {241--251},
	Title = {Generalized linear models in soil science},
	Volume = {53},
	Year = {2002}}


@article{marek1993monte,
  title = {Monte Carlo simulation-tool for better understanding of {LRFD}},
  author = {Marek, P. and Gu{\v{s}}tar, M. and Tikalsky, P. J.},
  journal = {Journal of Structural Engineering},
  volume = {119},
  number = {5},
  pages = {1586--1599},
  year = {1993},
  publisher = {American Society of Civil Engineers}
}





@article{data:Budgett:RandomizationTest,
	Author = {Stephanie Budgett and Pfannkuch, Maxine and Regan, Matt and Wild, Chris J.},
	Journal = {Technology Innovation in Statistics Education},
	Number = {2},
	Title = {Dynamic visualizations and the randomization test},
	Volume = {7},
	Year = {2013}}
	
	
	
@book{DevoreBerk2007,
  title = {Modern Mathematical Statistics with Applications},
  author = {Jay L. Devore and Kenneth N. Berk},
  publisher = {Thomson Higher Education},
  year = {2007}
}





@article{data:Gatti2013:WorkforceStrain,
	Author = {Umberto C. Gatti and Giovani C. Migliaccio and Susan M. Bogus and Suzanne Schneider},
	Journal = {Construction Management and Economics},
	Pages = {1--17},
	Title = {An exploratory study of the relationship between construction workforce physical strain and task level productivity},
	Year = {2013}}






@article{data:Taylor2013:Lead,
	Author = {Mark Patrick Taylor and Danielle Camenzuli and Louise Jane Kristensen and Miriam Forbes and Sammy Zahran},
	Journal = {Environmental Pollution},
	Pages = {447--454},
	Title = {Environmental lead exposure risks associated with children's outdoor playgrounds},
	Volume = {178},
	Year = {2013}}
	
	

@article{data:Schmid2012:splinting,
	Author = {Annina B. Schmid and James M. Elliott and Mark W. Stridwick and Mary Little and Michel W. Coppeiters},
	Journal = {Journal of Orthopaedic Research},
	Number = {8},
	Pages = {1343--1350},
	Title = {Effect of splinting and exercise on intraneural edema of the median nerve in {C}arpal {T}unnel {S}yndrome---an {MRI} study to reveal therapeutic mechanisms},
	Volume = {30},
	Year = {2012}}




@article{mypapers:Dunn:BatteryData,
	Author = {Peter K. Dunn},
	Journal = {Journal of Statistical Education},
	Number = {1},
	Title = {Comparing the lifetimes of two brands of batteries},
	Volume = {21},
	Year = {2013}}




@techreport{data:ALDIBatteryTesting,
	Author = {Per Lindstr{\"o}m},
	Institution = {Intertek},
	Title = {Test report for primary battery testing for {ALDI} {S}tores {A}ustralia},
	Year = {2011}}




@article{mypapers:Dunn:bootstrap:2001,
	Author = {Peter K. Dunn},
	Journal = {International Journal of Climatology},
	Number = {1},
	Pages = {89--94},
	Title = {Bootstrap confidence intervals for predicted rainfall quantiles},
	Volume = {21},
	Year = {2001}}





@article{data:Aedo1997:softwood,
	Author = {Dario M. Aedo-{O}rtiz and Eldon D. Olsen and Loren D. Kellogg},
	Journal = {Forest Products Journal},
	Number = {5},
	Pages = {36--41},
	Title = {Simulating a harvester-forwarder softwood thinning: A software evaluation},
	Volume = {47},
	Year = {1997}}

}





@article{data:Shoemaker1996:Temperature,
	Author = {Allen L. Shoemaker },
	Journal = {Journal of Statistics Education},
	Number = {2},
	Title = {What's Normal? -- Temperature, Gender, and Heart Rate},
	Url = {http://jse.amstat.org/v4n2/datasets.shoemaker.html},
	Volume = {4},
	Year = {1996}}
	
	
	
	

@article{data:chapman2007:MaleParamedics,
	Author = {D. Chapman and J. Peiffer and C. R. Abbiss and P. B. Laursen},
	Journal = {Journal of Emergency Primary Health Care},
	Number = {1},
	Title = {A descriptive physical profile of {W}estern {A}ustralian male paramedics},
	Volume = {5},
	Year = {2007}}




@article{waugh2004evaluation,
  title = {An evaluation of 2 new devices for nasal high-flow gas therapy},
  author = {Waugh, Jonathan B. and Granger, Wesley M.},
  journal = {Respiratory care},
  volume = {49},
  number = {8},
  pages = {902--906},
  year = {2004},
  publisher = {Respiratory Care}
}





@article{data:Steele2016:Shunt,
	Author = {Margaret Steele and Riad Abou Zahr and Paul M. Kirshbom and Gary S. Kopf and Mohsen Karimi},
	Journal = {World Journal for Pediatric and Congenital Heart Surgery},
	Number = {5},
	Pages = {630--634},
	Title = {Quality of life for historic cavopulmonary shunt survivors},
	Volume = {7},
	Year = {2016}}






@article{data:greenlee2018:vehicles,
	Author = {Eric T. Greenlee and Patricia R. {DeL}ucia and David C. Newton},
	Journal = {Human Factors},
	Number = {4},
	Pages = {465--476},
	Title = {Driver vigilance in automated vehicles: hazard detection failures are a matter of time},
	Volume = {60},
	Year = {2018}}


@article{greenland2016statistical,
  title = {Statistical tests, $P$ values, confidence intervals, and power: a guide to misinterpretations},
  author = {Greenland, Sander and Senn, Stephen J. and Rothman, Kenneth J. and Carlin, John B. and Poole, Charles and Goodman, Steven N. and Altman, Douglas G.},
  journal = {European journal of epidemiology},
  volume = {31},
  number = {4},
  pages = {337--350},
  year = {2016},
  publisher = {Springer}
}





@article{data:Macgregor1985:ToothbrushinghYoungAdults,
	Author = {Macgregor, Ian D. M. and Andrew J. Rugg-{G}unn},
	Journal = {Community Dentistry and Oral Epidemiology},
	Number = {3},
	Pages = {121--122},
	Title = {Toothbrushing duration in 60 uninstructed young adults},
	Volume = {13},
	Year = {1985}
}


@article{data:Ganss2018:Toothbrushes,
	Author = {C. Ganss and R. Duran and T. Winterfeld and N. Schleuter},
	Journal = {Clinical Oral Investigation},
	Number = {2},
	Pages = {715--720},
	Title = {Tooth brushing motion patterns with manual and powered toothbrushes---a randomised video observation study},
	Volume = {22},
	Year = {2018}
}



@article{data:Macgregor1979:BrushingDurationKids,
	Author = {I. D. M. Macgregor and A. J. Rugg-{G}unn},
	Journal = {Community Dentistry and Oral Epidemiology},
	Number = {5},
	Pages = {297--298},
	Title = {Survey of toothbrushing duration in 85 uninstructed {E}nglish schoolchildren},
	Volume = {7},
	Year = {1979}}





@inproceedings{affonso2018probabilistic,
  title = {Probabilistic Assessment of Electric Vehicle Charging Demand Impact on Residential Distribution Transformer Aging},
  author = {Affonso, Carolina M. and Kezunovic, Mladen},
  booktitle = {2018 {IEEE} International Conference on Probabilistic Methods Applied to Power Systems ({PMAPS})},
  pages = {1--6},
  year = {2018},
  organization = {{IEEE}}
}


@misc{us20112009,
  title = {2009 National Household Travel Survey User's Guide},
  author = {{US Department of Transportation}},
  year = {2011},
  publisher = {{US} Department of Transportation Washington, {DC}}
}



@article{snowden2018causal,
  title = {Causal inference in studies of preterm babies: a simulation study},
  author = {Snowden, J. M. and Basso, O.},
  journal = {{BJOG}: An International Journal of Obstetrics \& Gynaecology},
  volume = {125},
  number = {6},
  pages = {686--692},
  year = {2018},
  publisher = {Wiley Online Library}
}


@article{cohen1983global,
  title = {A global measure of perceived stress},
  author = {Cohen, Sheldon and Kamarck, Tom and Mermelstein, Robin},
  journal = {Journal of health and social behavior},
  pages = {385--396},
  year = {1983}
}


@article{tully2014articulating,
  title = {Articulating questions, generating hypotheses, and choosing study designs},
  author = {Tully, Mary P.},
  journal = {The Canadian Journal of Hospital Pharmacy},
  volume = {67},
  number = {1},
  pages = {31},
  year = {2014}
}


@article{anastasiadis2015framing,
  title = {Framing a research question: {T}he first and most vital step in planning research},
  author = {Anastasiadis, Eleni and Rajan, Prabhakar and Winchester, Catherine L.},
  journal = {Journal of Clinical Urology},
  volume = {8},
  number = {6},
  pages = {409--411},
  year = {2015}
}



@article{gibbons2015beliefs,
  title = {Beliefs and attitudes towards mental illness: an examination of the sex differences in mental health literacy in a community sample},
  author = {Gibbons, Raymond J. and Thorsteinsson, Einar B. and Loi, Natasha M.},
  journal = {PeerJ},
  volume = {3},
  pages = {e1004},
  year = {2015}
}



@article{dunn2016learning,
  title = {Learning the Language of Statistics: {C}hallenges and Teaching Approaches.},
  author = {Dunn, Peter K. and Carey, Michael D. and Richardson, Alice M. and McDonald, Christine},
  journal = {Statistics Education Research Journal},
  volume = {15},
  number = {1},
  year = {2016}
}


@article{richardson2013identification,
  title={Identification and definition of lexically ambiguous words in statistics by tutors and students},
  author={Richardson, Alice M and Dunn, Peter K and Hutchins, Rene},
  journal={International Journal of Mathematical Education in Science and Technology},
  volume={44},
  number={7},
  pages={1007--1019},
  year={2013},
  publisher={Taylor \& Francis}
}



@article{flanagan2005confound,
  title = {Confound it! {I} can't keep these variables straight},
  author = {Flanagan-Hyde, P.},
  journal = {{STATS}: The Magazine for Students of Statistics},
  volume = {43},
  pages = {21--23},
  year = {2005}
}


@article{amin2019robust,
  title = {Robust active fault-tolerant control for internal combustion gas engine for air--fuel ratio control with statistical regression-based observer model},
  author = {Amin, Arslan Ahmed and Mahmood-ul-Hasan, Khalid},
  journal = {Measurement and Control},
  pages = {0020294018823031},
  year = {2019}
}

@article{doll1954mortality,
  title = {The mortality of doctors in relation to their smoking habits},
  author = {Doll, Richard and Hill, A. Bradford},
  journal = {British Medical Journal},
  volume = {1},
  number = {4877},
  pages = {1451},
  year = {1954}
}



@article{verdecchia1995cigarette,
  title = {Cigarette smoking, ambulatory blood pressure and cardiac hypertrophy in essential hypertension.},
  author = {Verdecchia, Paolo and SchillacI, Giuseppe and Borgioni, Claudia and Ciucci, Antonella and Zampi, Ivano and Battistelli, Massimo and Gattobigio, Roberto and Sacchi, Nicola and Porcellati, Carlo},
  journal = {Journal of Hypertension},
  volume = {13},
  number = {10},
  pages = {1209--1215},
  year = {1995}
}



@article{barr2017self,
  title = {Self-reported behaviors and perceptions of {A}ustralian paramedics in relation to hand hygiene and gloving practices in paramedic-led health care},
  author = {Barr, Nigel and Holmes, Mark and Roiko, Anne and Dunn, Peter and Lord, Bill},
  journal = {American Journal of Infection Control},
  volume = {45},
  number = {7},
  pages = {771--778},
  year = {2017}
}


@article{cox2001evaluation,
  title = {Evaluation of the brief questionnaire of smoking urges ({QSU}-brief) in laboratory and clinical settings},
  author = {Cox, Lisa Sanderson and Tiffany, Stephen T. and Christen, Arden G.},
  journal = {Nicotine \& Tobacco Research},
  volume = {3},
  number = {1},
  pages = {7--16},
  year = {2001}
}


@article{shiffman2004recommendation,
  title = {Recommendation for the assessment of tobacco craving and withdrawal in smoking cessation trials},
  author = {Shiffman, Saul and West, Robert J. and Gilbert, David G.},
  journal = {Nicotine \& Tobacco Research},
  volume = {6},
  number = {4},
  pages = {599--614},
  year = {2004}
}

@book{MyersRegression,
 author = {Raymond H. Myers},
 year = {1990},
 title = {Classical and modern regression with applications}, 
 edition = {second},
 publisher = {Duxbury}
}




@article{data:Smith2003:parachutes,
	Author = {Gordon C. S. Smith and Jill P. Pell},
	Journal = {BMJ},
	Pages = {1459--1461},
	Title = {Parachute use to prevent death and major trauma related to gravitational challenge: systematic review of randomised controlled trials},
	Volume = {327},
	Year = {2003},
}





@article{data:Yeh2018:Parachutes,
	Author = {Yeh, Robert W. and Valsdottir, Linda R. and Yeh, Michael W. and Shen, Changyu and Kramer, Daniel B. and Strom, Jordan B. and Secemsky, Eric A. and Healy, Joanne L. and Domeier, Robert M. and Kazi, Dhruv S. and Brahmajee K. Nallamothu},
	Journal = {{BMJ}},
	Pages = {k5094},
	Title = {Parachute use to prevent death and major trauma when jumping from aircraft: randomized controlled trial},
	Volume = {363},
	Year = {2018},
}



@article{oppenheimer2006consequences,
  title = {Consequences of erudite vernacular utilized irrespective of necessity: Problems with using long words needlessly},
  author = {Oppenheimer, Daniel M.},
  journal = {Applied Cognitive Psychology: The Official Journal of the Society for Applied Research in Memory and Cognition},
  volume = {20},
  number = {2},
  pages = {139--156},
  year = {2006}
}



@article{hare2008sepsid,
  title = {Sepsid {\textit{even-skipped}} enhancers are functionally conserved in {\textit{{D}rosophila}} despite lack of sequence conservation},
  author = {Hare, Emily E. and Peterson, Brant K. and Iyer, Venky N. and Meier, Rudolf and Eisen, Michael B.},
  journal = {{PLoS} {G}enetics},
  volume = {4},
  number = {6},
  pages = {e1000106},
  year = {2008}
}



@article{data:Alley2017:SocialMedia,
	Author = {Stephanie Alley and Pauline Wellens and Stephanie Schoeppe and {d}e {V}ries, Hein and Amanda L. Rebar and Camille E. Short and Mitch J. Duncan and Corneel Vandelanotte},
	Journal = {Health Promotion Journal of {A}ustralia},
	Pages = {91--95},
	Title = {Impact of increasing social media use on sitting time and body mass index},
	Volume = {28},
	Year = {2017}
}



@article{miller2019behavioral,
  title = {Behavioral adaptations to lane keeping systems: Effects of exposure and withdrawal},
  author = {Miller, Erika E. and Boyle, Linda Ng},
  journal = {Human factors},
  volume = {61},
  number = {1},
  pages = {152--164},
  year = {2019}
}




@article{clark2019educational,
  title = {Educational intervention improves fruit and vegetable intake in young adults with metabolic syndrome components},
  author = {Clark, Rashel L. and Famodu, Oluremi A. and Hol{\'a}skov{\'a}, Ida and Infante, Aniello M. and Murray, Pamela J. and Olfert, I.  Mark and {McF}adden, Joseph W. and Downes, Marianne T. and Chantler, Paul D. and Duespohl, Matthew W. and others},
  journal = {Nutrition Research},
  volume = {62},
  pages = {89--100},
  year = {2019}
}




@article{botelho2019effect,
  title = {Effect of a health reminder on consumers' selection of ultra-processed foods in a supermarket},
  author = {Botelho, Alyne M. and {de C}amargo, Anice M. and Dean, Moira and Fiates, Giovanna M. R.},
  journal = {Food Quality and Preference},
  volume = {71},
  pages = {431--437},
  year = {2019}
}





@article{data:Swinnen2017:orthoses,
	Author = {Eva Swinnen and Jean-{P}ierre Baeyens and {V}an {M}ulders, Benjamin and Julian Verspecht and Marc Degelaen},
	Journal = {Prosthetics and Orthotics International},
	Title = {The influence of the use of ankle-foot orthoses on thorax, spine, and pelvis kinematics during walking in children with cerebral palsy},
	Volume = {2017},
	Year = {2017}
}





@article{data:Kochling2019:Hangover,
	Author = {J{\"o}ran K{\"o}chling and Berit Geis and Stefan Wirth and Kai O. Hensel},
	Journal = {The {A}merican Journal of Clinical Nutrition},
	Number = {2},
	Pages = {345--352},
	Title = {Grape or grain but never the twain? A randomized controlled multiarm matched-triplet crossover trial of beer and wine},
	Volume = {109},
	Year = {2019}
}




@article{data:Fayet2017:Snacks,
	Author = {Fl{\'a}via Fayet-Moore and V{\'e}ronique Peters and Andrew {Mc}Connell and Peter Petocz and Alison L. Eldridge},
	Journal = {Nutrition Journal},
	Number = {65},
	Pages = {1--14},
	Title = {Weekday snacking prevalence, frequency, and energy contribution have increased while foods consumed during snacking have shifted among {A}ustralian children and adolescents: 1995, 2007 and 2011--12 {N}ational {N}utrition {S}urveys},
	Volume = {16},
	Year = {2017}
}






@article{data:Hammond2018:Drinks,
	Author = {David Hammond and Jessica L. Reid and Sara Zukowski},
	Journal = {{CMAJ} Open},
	Number = {1},
	Pages = {E19},
	Title = {Adverse effects of caffeinated energy drinks among youth and young adults in {C}anada: a {W}eb-based survey},
	Volume = {6},
	Year = {2018}
}



@article{data:Dianat2014:schoolbags,
	Author = {Iman Dianat and Nasibeh Sorkhi and Aida Pourhossein and Arezou Alipour and Mohammad Asghari-{J}afarabadi},
	Journal = {Applied Ergonomics},
	Pages = {437--442},
	Title = {Neck, shoulder and low back pain in secondary schoolchildren in relation to schoolbag carriage: Should the recommended weight limits be gender-specific?},
	Volume = {45},
	Year = {2014}
}




@article{data:March2018:turtles,
	Author = {Duane T. March and Kimberly Vinette-{H}errin and Andrew Peters and Ellen Ariel and David Blyde and Doug Hayward and Les Christidis and Brendan P. Kelaher},
	Journal = {Journal of Veterinary Diagnostic Investigation},
	Title = {Hematologic and biochemical characteristics of stranded green sea turtles},
	Year = {2018}
}




@article{data:Groves:bicycleweight,
	Author = {J. Groves},
	Journal = {{B}ritish Medical Journal},
	Title = {Bicycle weight and commuting time: Randomised trial},
	Volume = {341},
	Year = {2010}
}



  @Article{package:animation,
    title = {{animation}: An {R} Package for Creating Animations and Demonstrating Statistical Methods},
    author = {Yihui Xie},
    journal = {Journal of Statistical Software},
    year = {2013},
    volume = {53},
    number = {1},
    pages = {1--27},
    url = {http://www.jstatsoft.org/v53/i01/},
  }


@Manual{package:plotfunctions,
    title = {plotfunctions: Various Functions to Facilitate Visualization of Data and
Analysis},
    author = {Jacolien {van Rij}},
    year = {2020},
    note = {R package version 1.4},
    url = {https://CRAN.R-project.org/package = plotfunctions},
  }


@article{Ingalls:Smoking,
 ISSN = {00368733, 19467087},
 URL = {http://www.jstor.org/stable/26144809},
 author = {Albert G. Ingalls},
 journal = {Scientific American},
 number = {6},
 pages = {310--355},
 title = {If You Smoke},
 volume = {154},
 year = {1936}
}





@article{data:Zagorsky2016:Blondes,
	Author = {Jay L. Zagorsky},
	Journal = {Economics Bulletin},
	Number = {1},
	Pages = {401--410},
	Title = {Are blondes really dumb?},
	Volume = {36},
	Year = {2016}
}





@inproceedings{mypapers:RuscoeDunn:AMSANZ,
	Author = {Peter Ruscoe and Peter Dunn},
	Booktitle = {{AMSANZ} Annual Conference \& Scientific Meeting},
	Title = {Fatal accident rates in private pilots ({\textsc{PPL}}) 1992--1999: An {A}ustralian review},
	Year = {2003}
}




@article{nagele2003misuse,
  title = {Misuse of standard error of the mean ({SEM}) when reporting variability of a sample. A critical evaluation of four anaesthesia journals},
  author = {Nagele, Peter},
  journal = {British Journal of Anaesthesia},
  volume = {90},
  number = {4},
  pages = {514--516},
  year = {2003},
  publisher = {Oxford University Press}
}




@article{ko2014inappropriate,
  title = {Inappropriate use of standard error of the mean when reporting variability of study samples: A critical evaluation of four selected journals of obstetrics and gynecology},
  author = {Ko, Wen-{R}u and Hung, Wei-{T}e and Chang, Hui-{C}hin and Lin, Long-{Y}au},
  journal = {Taiwanese Journal of Obstetrics and Gynecology},
  volume = {53},
  number = {1},
  pages = {26--29},
  year = {2014},
  publisher = {Elsevier}
}



@article{siegrist1996use,
  title = {The use or misuse of three-dimensional graphs to represent lower-dimensional data},
  author = {Siegrist, Michael},
  journal = {Behaviour \& Information Technology},
  volume = {15},
  number = {2},
  pages = {96--100},
  year = {1996},
  publisher = {Taylor \& Francis}
}





@article{data:Stirrat2008:wallabies,
	Author = {Simon C. Stirrat},
	Journal = {{A}ustralian Journal of Zoology},
	Pages = {431--439},
	Title = {Age structure, mortality and breeding in a population of agile wallabies ({\textit{{M}acropus agilis}})},
	Volume = {56},
	Year = {2008}
}




@article{data:Williams2007:BloodLoss,
	Author = {Brett Williams and Mal Boyle},
	Journal = {Prehospital and Disaster Medicine},
	Number = {6},
	Pages = {502--506},
	Title = {Estimation of external blood loss by paramedics: Is there any point?},
	Volume = {22},
	Year = {2007}
}




@article{data:andersen:1977,
	Author = {E. B. Andersen},
	Journal = {Scandinavian Journal of Statistics},
	Pages = {153--158},
	Title = {Multiplicative {P}oisson models with unequal cell rates},
	Volume = {4},
	Year = {1977}
}





@article{data:joglekar:lackoffit,
	Author = {G. Joglekar and J. H. Scheunemyer and V. La{R}iccia},
	Journal = {The {A}merican Statistician},
	Pages = {135--143},
	Title = {Lack-of-fit testing when replicates are not available},
	Volume = {43},
	Year = {1989}}





@article{data:royston:mandible,
	Author = {Patrick Royston and Douglas G. Altman},
	Journal = {Journal of the Royal Statistical Society, Series C},
	Number = {3},
	Pages = {429--467},
	Title = {Regression using fractional polynomials of continuous covariates: Parsimonious parametric modelling},
	Volume = {43},
	Year = {1994}
}





@book{others:Montgomery:regressionanalysis,
	Address = {New York},
	Author = {D. C. Montgomery and E. A. Peck},
	Publisher = {Wiley},
	Title = {Introduction to Regression Analysis},
	Year = {1992}}





@article{data:Panda2018:Bitumen,
	Author = {R. P. Panda and Sudhanshu Sekhar Das and P. K. Sahoo},
	Journal = {Journal of The Institution of Engineers ({I}ndia): Series A},
	Number = {2},
	Pages = {327--332},
	Title = {Relation between bitumen content and percentage air voids in semi dense bituminous concrete},
	Volume = {99},
	Year = {2018}
}




@article{data:Lee2016:Hiccups,
	Author = {Gyeong-{W}on Lee and Rock Bum Kim and Se Il Go and Hyun Seop Cho and Seung Jun Lee and David Hui and Eduardo Bruera and Jung Hun Kang},
	Journal = {Journal of Pain and Symptom Management},
	Number = {2},
	Pages = {278--283},
	Title = {Gender Differences in hiccup patients: Analysis of published case reports and case-control studies},
	Volume = {51},
	Year = {2016}
}






@article{duncan2018walk,
  title = {Walk this way: validity evidence of {iPhone} health application step count in laboratory and free-living conditions},
  author = {Duncan, Markus J. and Wunderlich, Kelly and Zhao, Yingying and Faulkner, Guy},
  journal = {Journal of Sports Sciences},
  volume = {36},
  number = {15},
  pages = {1695--1704},
  year = {2018}
}





@article{data:Dexter2019:SunProtection,
	Author = {Dexter, Ben and King, Rachel and Harrison, Simone L. and Parisi, Alfio V. and Downs, Nathan J.},
	Journal = {Photochemistry and Photobiology},
	Number = {2},
	Pages = {650--655},
	Title = {A Pilot Observational Study of Environmental Summertime Health Risk Behavior in Central {B}risbane, {Q}ueensland: Opportunities to Raise Sun Protection Awareness in {A}ustralia's Sunshine State},
	Volume = {95},
	Year = {2019}
}








@article{mohammadpoorasl2018prevalence,
  title = {Prevalence and pattern of using headphones and its relationship with hearing loss among students},
  author = {Mohammadpoorasl, Asghar and Hajizadeh, Mohammad and Marin, Sodabeh and Heidari, Peyam and Ghalenoee, Mehran},
  journal = {Health Scope},
  number = {In Press},
  year = {2018}
}






@article{mypapers:Dunn:PizzaSize,
	Author = {Peter K. Dunn},
	Journal = {Journal of Statistical Education},
	Number = {1},
	Title = {Assessing claims made by a pizza chain},
	Url = {www.amstat.org/publications/jse/v20n1/dunn.pdf},
	Volume = {20},
	Year = {2012}
}








@article{jacka2010associations,
  title = {Associations between diet quality and depressed mood in adolescents: results from the {A}ustralian {H}ealthy {N}eighbourhoods {S}tudy},
  author = {Jacka, Felice N. and Kremer, Peter J. and Leslie, Eva R. and Berk, Michael and Patton, George C. and Toumbourou, John W. and Williams, Joanne W.},
  journal = {{A}ustralian and {N}ew {Z}ealand Journal of Psychiatry},
  volume = {44},
  number = {5},
  pages = {435--442},
  year = {2010}
}





@article{data:GreenTeaCutsRiskOfCancer,
	Author = {Anonymous},
	Journal = {The {S}unday {M}ail},
	Month = {{04 November}},
	Pages = {19},
	Title = {Green tea cuts risk of cancer},
	Year = {2012}
}


@article{cressie1984use,
  title = {Use of the one sample $t$-test in the real world},
  author = {Cressie, N. A. C. and Sheffield, L. J. and Whitford, H. J.},
  journal = {Journal of Chronic Diseases},
  volume = {37},
  number = {2},
  pages = {107--114},
  year = {1984}
}


@article{feng2017application,
  title = {The application of {S}tudent's $t$-test in internal quality control of clinical laboratory},
  author = {Feng, Yang-chun and Huang, Yan-chun and Ma, Xiu-min},
  journal = {Frontiers in Laboratory Medicine},
  volume = {1},
  number = {3},
  pages = {125--128},
  year = {2017}
}


@article{lennon2017pedestrian,
  title = {Pedestrian self-reported use of smart phones: Positive attitudes and high exposure influence intentions to cross the road while distracted},
  author = {Lennon, Alexia and Oviedo-{T}respalacios, Oscar and Matthews, Sarah},
  journal = {Accident Analysis \& Prevention},
  volume = {98},
  pages = {338--347},
  year = {2017}
}



@article{comerford2018motivations,
  title = {Motivations for kerbside dumping: Evidence from {B}risbane, {A}ustralia},
  author = {Comerford, Emma and Durante, Jeanette and Goldsworthy, Rod and Hall, Vicki and Gooding, James and Quinn, Bernie},
  journal = {Waste Management},
  volume = {78},
  pages = {490--496},
  year = {2018}
}



@article{hurlimann2016public,
  title = {Public acceptance and perceptions of alternative water sources: a comparative study in nine locations},
  author = {Hurlimann, Anna and Dolnicar, Sara},
  journal = {International Journal of Water Resources Development},
  volume = {32},
  number = {4},
  pages = {650--673},
  year = {2016}
}




@article{data:woodward:dental,
	Author = {M. Woodward and A. R. P. Walker},
	Journal = {{B}ritish Dental Journal},
	Pages = {297--302},
	Title = {Sugar consumption and dental caries: Evidence from 90 countries},
	Volume = {176},
	Year = {1994}
}





@article{shamim2014development,
  title = {Development of a guideline to approach plagiarism in {I}ndian scenario},
  author = {Shamim, Thorakkal},
  journal = {Indian Journal of Dermatology},
  volume = {59},
  number = {5},
  pages = {473},
  year = {2014},
  publisher = {Medknow Publications \& Media Pvt. Ltd.}
}


@article{tsai2014mechanistic,
  title = {A mechanistic approach to the diagnosis and management of atypical hemolytic uremic syndrome},
  author = {Tsai, Han-Mou},
  journal = {Transfusion Medicine Reviews},
  volume = {28},
  number = {4},
  pages = {187--197},
  year = {2014},
  publisher = {Elsevier}
}



@article{egbue2012barriers,
  title = {Barriers to widespread adoption of electric vehicles: An analysis of consumer attitudes and perceptions},
  author = {Egbue, Ona and Long, Suzanna},
  journal = {Energy Policy},
  volume = {48},
  pages = {717--729},
  year = {2012},
  publisher = {Elsevier}
}



@article{data:Heerfordt2018:sunscreen,
	Author = {Heerfordt, Ida M. and Torsnes, Linnea R. and Philipsen, Peter A. and Wulf, Hans Christian},
	Journal = {Photodermatology, Photoimmunology \& Photomedicine},
	Number = {2},
	Pages = {117--121},
	Publisher = {Wiley Online Library},
	Title = {Photoprotection by sunscreen depends on time spent on application},
	Volume = {34},
	Year = {2018}
}




@article{data:Gunnarsson2017:helicopter,
	Author = {Sverrir Gunnarsson and Joseph Mitchell and Mary S. Busch and Brenda Larson and S. Michael Gharacholou and Zhanhai Li and Amish N. Raval},
	Journal = {Journal of the {A}merican Heart Association},
	Title = {Outcomes of physician-staffed versus non-physician-staffed helicopter transport for {ST}-elevation myocardial infarction},
	Year = {2017}
}



@article{radun2018bicycle,
  title = {Bicycle helmets and the experimenter effect},
  author = {Radun, Igor and Lajunen, Timo},
  journal = {Psychological Science},
  volume = {29},
  number = {6},
  pages = {1020--1022},
  year = {2018},
  publisher = {SAGE Publications Sage CA: Los Angeles, CA}
}



@article{gamble2016wearing,
  title = {Wearing a bicycle helmet can increase risk taking and sensation seeking in adults},
  author = {Gamble, Tim and Walker, Ian},
  journal = {Psychological Science},
  volume = {27},
  number = {2},
  pages = {289--294},
  year = {2016},
  publisher = {Sage Publications Sage CA: Los Angeles, CA}
}




@article{lorenz2019effect,
  title = {Effect of toothpaste containing amine fluoride and stannous chloride on the reduction of dental plaque and gingival inflammation. {A} randomized controlled 12-week home-use study},
  author = {Lorenz, Katrin and Hoffmann, Thomas and Heumann, Christian and Noack, Barbara},
  journal = {International Journal of Dental Hygiene},
  year = {2019},
  publisher = {Wiley Online Library}
}



@article{wu2018identifying,
  title = {Identifying heterogeneity in the {H}awthorne effect on hand hygiene observation: a cohort study of overtly and covertly observed results},
  author = {Wu, Kuan-Sheng and Lee, Susan Shin-Jung and Chen, Jui-Kuang and Chen, Yao-Shen and Tsai, Hung-Chin and Chen, Yueh-Ju and Huang, Yu-Hsiu and Lin, Huey-Shyan},
  journal = {{BMC} Infectious Diseases},
  volume = {18},
  number = {1},
  pages = {369},
  year = {2018},
  publisher = {BioMed Central}
}




@article{delaney2018they,
  title = {``They can rest at home'': an observational study of patients' quality of sleep in an {A}ustralian hospital},
  author = {Delaney, Lori J. and Currie, Marian J. and Huang, Hsin-Chia Carol and Lopez, Violeta and Van Haren, Frank},
  journal = {{BMC} Health Services Research},
  volume = {18},
  number = {1},
  pages = {524},
  year = {2018},
  publisher = {BioMed Central}
}



@article{fraser2018questionable,
  title = {Questionable research practices in ecology and evolution},
  author = {Fraser, Hannah and Parker, Tim and Nakagawa, Shinichi and Barnett, Ashley and Fidler, Fiona},
  journal = {{PloS} one},
  volume = {13},
  number = {7},
  pages = {e0200303},
  year = {2018},
  publisher = {Public Library of Science}
}




@article{crozier2015towards,
  title = {Towards improving the ethics of ecological research},
  author = {Crozier, G. K. D. and Schulte-{H}ostedde, Albrecht I.},
  journal = {Science and engineering ethics},
  volume = {21},
  number = {3},
  pages = {577--594},
  year = {2015},
  publisher = {Springer}
}



@article{data:dalal:shuttle,
	Author = {Siddharta R. Dala and Edward B. Fowlkes and Bruce Hoadley},
	Journal = {Journal of the {A}merican Statistical Association},
	Keywords = {logistic regression},
	Number = {408},
	Pages = {945--957},
	Title = {Risk analysis of the space shuttle: pre-{C}hallenger prediction of failure},
	Volume = {84},
	Year = {1989}
}



@article{rubbo2019retractions,
  title = {Retractions in the Engineering Field: A Study on the Web of Science Database},
  author = {Rubbo, Priscila and Helmann, Caroline Lievore and Bilynkievycz dos Santos, Celso and Pilatti, Luiz Alberto},
  journal = {Ethics \& Behavior},
  volume = {29},
  number = {2},
  pages = {141--155},
  year = {2019},
  publisher = {Taylor \& Francis}
}


@article{coudert2019correcting,
  title = {Correcting the Scientific Record: Retraction Practices in Chemistry and Materials Science},
  author = {Coudert, Fran{\c{c}}ois-Xavier},
  journal = {Chemistry of Materials},
  year = {2019},
  volume = 31},
  number = {10},
  pages = {3593--3598},
  publisher = {ACS Publications}
}



@article{larson2019staff,
  title = {Staff Training Interests, Barriers, and Preferences in Rural and Urban Child Care Programs in Minnesota},
  author = {Larson, Nicole and Loth, Katie A. and Nanney, Marilyn S.},
  journal = {Journal of Nutrition Education and Behavior},
  volume = {51},
  number = {3},
  pages = {335--341},
  year = {2019},
  publisher = {Elsevier}
}




@article{brunton2019fright,
  title = {Fright or Flight? Behavioural Responses of Kangaroos to Drone-Based Monitoring},
  author = {Brunton, Elizabeth and Bolin, Jessica and Leon, Javier and Burnett, Scott},
  journal = {Drones},
  volume = {3},
  number = {2},
  pages = {41},
  year = {2019}
}


  @Manual{package:leaflet,
    title = {{leaflet}: Create Interactive Web Maps with the JavaScript 'Leaflet'
Library},
    author = {Joe Cheng and Bhaskar Karambelkar and Yihui Xie},
    year = {2018},
    note = {R package version 2.0.2},
    url = {https://CRAN.R-project.org/package = leaflet},
}



@Manual{package:kableExtra,
    title = {{kableExtra}: Construct Complex Table with 'kable' and Pipe Syntax},
    author = {Hao Zhu},
    year = {2018},
    note = {R package version 0.8.0},
    url = {https://CRAN.R-project.org/package = kableExtra},
}
  
  
  
@Manual{package:oz,
    title = {{oz}: Plot the {A}ustralian Coastline and States},
    author = {Bill Venables and Kurt Hornik},
    year = {2016},
    note = {R package version 1.0-21. S original by Bill Venables, R port by Kurt Hornik.},
    url = {https://CRAN.R-project.org/package = oz},
}
  
  
@Manual{package:DT,
    title = {{DT}: A Wrapper of the JavaScript Library 'DataTables'},
    author = {Yihui Xie and Joe Cheng and Xianying Tan},
    year = {2018},
    note = {R package version 0.5},
    url = {https://CRAN.R-project.org/package = DT},
  }
  
  
  
@Book{package:ggplot2,
    author = {Hadley Wickham},
    title = {{ggplot2}: Elegant Graphics for Data Analysis},
    publisher = {Springer-{V}erlag {N}ew {Y}ork},
    year = {2016},
    isbn = {978-3-319-24277-4},
    url = {http://ggplot2.org},
}



@Manual{package:webshot,
    title = {{webshot}: Take Screenshots of Web Pages},
    author = {Winston Chang},
    year = {2018},
    note = {R package version 0.5.1},
    url = {https://CRAN.R-project.org/package = webshot},
}



@Book{package:knitr,
    title = {Dynamic Documents with {R} and knitr},
    author = {Yihui Xie},
    publisher = {Chapman and Hall/CRC},
    address = {Boca Raton, Florida},
    year = {2015},
    edition = {2nd},
    note = {ISBN 978-1498716963},
    url = {https://yihui.name/knitr/},
}
  
  

@Article{package:plotrix,
    year = {2006},
    title = {{plotrix}: a package in the red light district of {R}},
    journal = {R-News},
    volume = {6},
    number = {4},
    pages = {8-12},
    author = {J. Lemon},
}


@Manual{package:scales,
    title = {{scales}: Scale Functions for Visualization},
    author = {Hadley Wickham},
    year = {2018},
    note = {R package version 1.0.0},
    url = {https://CRAN.R-project.org/package = scales},
}



@Manual{package:slickR,
    title = {{slickR}: Create Interactive Carousels with the JavaScript 'Slick' Library},
    author = {Jonathan Sidi},
    year = {2018},
    note = {R package version 0.2.4},
    url = {https://CRAN.R-project.org/package = slickR},
}
  
  
@article{banerjee2010statistics,
  title = {Statistics without tears: Populations and samples},
  author = {Banerjee, Amitav and Chaudhury, Suprakash},
  journal = {Industrial Psychiatry Journal},
  volume = {19},
  number = {1},
  pages = {60},
  year = {2010},
  publisher = {Wolters Kluwer--Medknow Publications}
}


@article{kessels2019methods,
  title = {Methods for assessing and controlling placebo effects},
  author = {Kessels, Rob and Mozer, Reagan and Bloemers, Jos},
  journal = {Statistical Methods in Medical Research},
  volume = {28},
  number = {4},
  pages = {1141--1156},
  year = {2019},
  publisher = {{SAGE} Publications Sage {UK}: London, England}
}


@article{enck2013placebo,
  title = {The placebo response in medicine: minimize, maximize or personalize?},
  author = {Enck, Paul and Bingel, Ulrike and Schedlowski, Manfred and Rief, Winfried},
  journal = {Nature Reviews Drug Discovery},
  volume = {12},
  number = {3},
  pages = {191},
  year = {2013},
  publisher = {Nature Publishing Group}
}



@article{gerhard2008bias,
  title = {Bias: considerations for research practice},
  author = {Gerhard, Tobias},
  journal = {American Journal of Health-System Pharmacy},
  volume = {65},
  number = {22},
  pages = {2159--2168},
  year = {2008},
  publisher = {Oxford University Press}
}



@article{pratsinis1984carbon,
  title = {The carbon containing component of the {L}os {A}ngeles aerosol: source apportionment and contributions to the visibility budget},
  author = {Pratsinis, S. and Ellis, E.C. and Novakov, T. and Friedlander, S. K.},
  journal = {Journal of the Air Pollution Control Association},
  volume = {34},
  number = {6},
  pages = {643--650},
  year = {1984},
  publisher = {Taylor \& Francis}
}




@article{chitwood2001treatment,
  title = {Treatment of mixed hydrogen sulfide and organic vapors in a rock medium biofilter},
  author = {Chitwood, Derek E. and Devinny, Joseph S.},
  journal = {Water Environment Research},
  volume = {73},
  number = {4},
  pages = {426--435},
  year = {2001},
  publisher = {Water Environment Federation}
}






@article{julious1994confounding,
  title = {Confounding and {S}impson's paradox},
  author = {Julious, Steven A. and Mullee, Mark A.},
  journal = {{BMJ}},
  volume = {309},
  number = {6967},
  pages = {1480--1481},
  year = {1994},
  publisher = {British Medical Journal Publishing Group}
}



@book{kanji2006100,
  title = {100 statistical tests},
  author = {Kanji, Gopal K.},
  year = {2006},
  publisher = {Sage}
}




@Manual{package:dygraphs,
    title = {dygraphs: Interface to 'Dygraphs' Interactive Time Series Charting Library},
    author = {Dan Vanderkam and J. J. Allaire and Jonathan Owen and Daniel Gromer and Benoit Thieurmel},
    year = {2018},
    note = {R package version 1.1.1.6},
    url = {https://CRAN.R-project.org/package = dygraphs},
}

  
@Manual{package:plotly,
    title = {plotly for {R}},
    author = {Carson Sievert},
    year = {2018},
    url = {https://plotly-r.com},
}


@Manual{package:cowplot,
    title = {cowplot: Streamlined Plot Theme and Plot Annotations for 'ggplot2'},
    author = {Claus O. Wilke},
    year = {2019},
    note = {R package version 0.9.4},
    url = {https://CRAN.R-project.org/package = cowplot}
}

@Manual{package:dplyr,
    title = {{dplyr}: A Grammar of Data Manipulation},
    author = {Hadley Wickham and Romain Fran{\c{c}}ois and Lionel Henry and Kirill M{\"u}ller},
    year = {2019},
    note = {R package version 0.8.1},
    url = {https://CRAN.R-project.org/package = dplyr}
}

@Manual{package:viridis,
    title = {{viridis}: Default Color Maps from {'matplotlib'}},
    author = {Simon Garnier},
    year = {2018},
    note = {R package version 0.5.1},
    url = {https://CRAN.R-project.org/package = viridis}
}


@Manual{package:webex,
    title = {webexercises: Create Interactive Web Exercises in 'R Markdown' (Formerly 'webex')},
    author = {Dale Barr and Lisa {DeB}ruine},
    year = {2021},
    note = {R package version 1.0.0},
    url = {https://github.com/psyteachr/webexercises}
}


@Manual{package:gifski,
    title = {{gifski}: Highest Quality {GIF} Encoder},
    author = {Jeroen Ooms},
    year = {2018},
    note = {R package version 0.8.6},
    url = {https://CRAN.R-project.org/package = gifski},
}



@article{laine2007reproducible,
  title = {Reproducible research: moving toward research the public can really trust},
  author = {Laine, Christine and Goodman, Steven N. and Griswold, Michael E. and Sox, Harold C.},
  journal = {Annals of Internal Medicine},
  volume = {146},
  number = {6},
  pages = {450--453},
  year = {2007},
  publisher = {Citeseer}
}




@article{collett1976pointing,
  title = {Pointing the way to a fictional place: A study of direction giving in {I}ran and {E}ngland},
  author = {Collett, Peter and {O'S}hea, Gregory},
  journal = {European Journal of Social Psychology},
  volume = {6},
  number = {4},
  pages = {447--458},
  year = {1976},
  publisher = {Wiley Online Library}
}




@article{data:Dokur2018:SelfieDeaths,
	Author = {Mehmet Dokur and Emine Petekkaya and Mehmet Karada{\u{g}}},
	Journal = {Ulus Travma Acil Cerrahi Derg},
	Pages = {129--135},
	Title = {Media-based clinical research on selfie-related injuries and deaths},
	Volume = {24},
	number = {2},
	Year = {2018}
}



@article{data:levine1990:paceoflife,
	Author = {Levine, Robert V},
	Journal = {{A}merican Scientist},
	Pages = {450--459},
	Title = {The pace of life},
	Year = {1990}
}




@article{data:froud2018:kiwifruit,
	Author = {Froud, K. J. and Beresford, R. M. and Cogger, N. C.},
	Journal = {Plant Pathology},
	Number = {3},
	Pages = {671--681},
	Publisher = {Wiley Online Library},
	Title = {Impact of kiwifruit bacterial canker on productivity of {cv.} {H}ayward kiwifruit using observational data and multivariable analysis},
	Volume = {67},
	Year = {2018}
}


@article{schroder2015maize,
  title = {Maize yields benefit from injected manure positioned in bands},
  author = {Schr{\"o}der, J. J. and Vermeulen, G. D. and Van der Schoot, J. R. and Van Dijk, W. and Huijsmans, J. F. M. and Meuffels, G. J. H. M. and Van der Schans, D. A.},
  journal = {European Journal of Agronomy},
  volume = {64},
  pages = {29--36},
  year = {2015},
  publisher = {Elsevier}
}



@article{ridgewell2009school,
  title = {School travel modes: Factors influencing parental choice in four {B}risbane schools},
  author = {Ridgewell, Claire and Sipe, Neil and Buchanan, Nick},
  journal = {Urban Policy and Research},
  volume = {27},
  number = {1},
  pages = {43--57},
  year = {2009},
  publisher = {Taylor \& Francis}
}




@phdthesis{data:laws:2005,
	Author = {Nicola Laws},
	School = {Department of Biology and Physical Sciences, University of Southern Queensland},
	Title = {Characterisation and Strategic Treatment of Dystrophic Muscle},
	Year = {2005}}


@article{su2008s,
  title = {It's easy to produce chartjunk using {M}icrosoft{\textregistered} {E}xcel 2007 but hard to make good graphs},
  author = {Su, Yu-Sung},
  journal = {Computational Statistics \& Data Analysis},
  volume = {52},
  number = {10},
  pages = {4594--4601},
  year = {2008},
  publisher = {Elsevier}
}



@misc{tufte1998visual,
  title = {Visual explanations: Images and quantities, evidence and narrative},
  author = {Tufte, Edward R and McKay, Susan R and Christian, Wolfgang and Matey, James R},
  year = {1998},
  publisher = {{AIP}}
}


@article{PsychologyMysore,
	title = {The relationship between, psychological well-being and occupation self-efficacy among teachers in the city of {M}sore, {I}ndia},
	author = {Fatemeh Salimirad and N. L. Srimathi},
	journal = {International Journal of Indian Psychology},
	volume = {3},
	issue = {2},
	pages = {14--21},
	year = {2016}
}


@Article{Chatterjee2015,
  author = "Chatterjee, Saptarshi and Sarkar, Keka",
  title = "Retraction Note to: Surface-functionalized gold nanoparticles mediate bacterial transformation: a nanobiotechnological approach",
  journal = "Biotechnology Letters",
  year = "2015",
  month = "Jul",
  day = "01",
  volume = "37",
  number = "7",
  pages = "1527--1528",
  issn = "1573-6776",
  doi = "10.1007/s10529-015-1826-0",
  url = "https://doi.org/10.1007/s10529-015-1826-0"
}



@article{shahabuddin2009plagiarism,
  title = {Plagiarism in academic},
  author = {Shahabuddin, Syed},
  journal = {International Journal of Teaching and Learning in Higher Education},
  volume = {21},
  number = {3},
  pages = {353--359},
  year = {2009},
  publisher = {ERIC}
}


@article{cohen2017stard,
  title = {{STARD} for Abstracts: essential items for reporting diagnostic accuracy studies in journal or conference abstracts},
  author = {Cohen, J{\'e}r{\'e}mie F. and Korevaar, Dani{\"e}l A. and Gatsonis, Constantine A. and Glasziou, Paul P. and Hooft, Lotty and Moher, David and Reitsma, Johannes B. and De Vet, Henrica C. W. and Bossuyt, Patrick M.},
  journal = {{BMJ}},
  volume = {358},
  pages = {j3751},
  year = {2017},
  publisher = {British Medical Journal Publishing Group}
}

@book{PeatWriting,
	title = {Scientific Writing: Easy when you know how},
	author = {Jennifer Peat and Elizabeth Elliott and Louise Baur and Victoria Keena},
	year = {2002},
	publisher = {{BMJ} Books},
	address = {London} 

}



@article{data:Singh:lowerlimb,
	Author = {Rajiv Kumar Singh and Guru Prasad},
	Journal = {Prosthetics and Orthotics International},
	Month = {545--551},
	Number = {5},
	Title = {Long-term mortality after lower-limb amputation},
	Volume = {40},
	Year = {2016}
}


@article{fraboni2018red,
  title = {Red-light running behavior of cyclists in {I}taly: An observational study},
  author = {Fraboni, F. and Puchades, V. Mar{\'i}n and De Angelis, M. and Pietrantoni, L. and Prati, Gabriele},
  journal = {Accident Analysis \& Prevention},
  volume = {120},
  pages = {219--232},
  year = {2018},
  publisher = {Elsevier}
}



@article{corbie1999continuing,
  title = {The continuing legacy of the {T}uskegee {S}yphilis {S}tudy: considerations for clinical investigation},
  author = {Corbie-Smith, Giselle},
  journal = {The {A}merican Journal of the Medical Sciences},
  volume = {317},
  number = {1},
  pages = {5--8},
  year = {1999},
  publisher = {Elsevier}
}


@article{doosti2016development,
  title = {Development of multiple regression model to estimate the apple's bruise depth using thermal maps},
  author = {Doosti-{I}rani, Omid and Golzarian, Mahmood Reza and Aghkhani, Mohammad Hossein and Sadrnia, Hasan and Doosti-{I}rani, Mahboobe},
  journal = {Postharvest Biology and Technology},
  volume = {116},
  pages = {75--79},
  year = {2016},
  publisher = {Elsevier}
}



@inproceedings{mine2015observational,
  title = {An observational study on the productivity of formwork in building construction},
  author = {Mine, N. and Wai, S. H. and Lim, T. C. and Kang, W.},
  booktitle = {{ISARC}. Proceedings of the International Symposium on Automation and Robotics in Construction},
  volume = {32},
  pages = {1},
  year = {2015},
  organization = {{IAARC} Publications}
}


@article{bingham2016peer,
  title = {Peer passenger norms and pressure: experimental effects on simulated driving among teenage males},
  author = {Bingham, C. Raymond and Simons-{M}orton, Bruce G. and Pradhan, Anuj K. and Li, Kaigang and Almani, Farideh and Falk, Emily B. and Shope, Jean T. and Buckley, Lisa and Ouimet, Marie Claude and Albert, Paul S.},
  journal = {Transportation research part F: Traffic Psychology and Behaviour},
  volume = {41},
  pages = {124--137},
  year = {2016},
  publisher = {Elsevier}
}



@article{data:Furness1996:Fulmars,
	Author = {Furness, Robert W. and Bryant, David M.},
	Journal = {Ecology},
	Number = {4},
	Pages = {1181--1188},
	Publisher = {Wiley Online Library},
	Title = {Effect of wind on field metabolic rates of breeding northern fulmars},
	Volume = {77},
	Year = {1996}
}




@article{RouletteWheel,
  Author = {Daniel L. Slotnik},
  Journal = {{N}ew {Y}ork Times},
  Year = {2018},
  Date = {12 August}
}


@book{MyersBook,
  Author = {Raymond H. Myers and Douglas C. Montgomery and G. Geoffrey Vining},
  Year = {2002},
  Title = {Generalized linear models with applications in engineering and the sciences}, 
  Publisher = {Wiley}
}


@book{NelsonLifeData,
  Author = {Wayne Nelson},
  Year = {1982},
  Title = {Applied Life Data}, 
  Publisher = {Wiley}
}

@article{hirst1962epidemiology,
  title = {The epidemiology of apple scab ({V}enturia inaequalis ({Cke}.) {W}int.) {III}. {T}he supply of ascospores},
  author = {Hirst, J. M. and Stedman, O. J.},
  journal = {Annals of Applied Biology},
  volume = {50},
  number = {3},
  pages = {551--567},
  year = {1962},
  publisher = {Wiley Online Library}
}


@article{egbue2017mass,
  title = {Mass deployment of sustainable transportation: evaluation of factors that influence electric vehicle adoption},
  author = {Egbue, Ona and Long, Suzanna and Samaranayake, V. A.},
  journal = {Clean Technologies and Environmental Policy},
  volume = {19},
  number = {7},
  pages = {1927--1939},
  year = {2017},
  publisher = {Springer}
}

@article{imtiaz2017assessment,
  title = {Assessment of nutritional status of anemic children},
  author = {Imtiaz, Sidra and Ali, Zunaira and Chaudhry, Khawar A. and Abbas, Faiza and Anjum, Nagia},
  journal = {{P}akistan Journal of Medical {\&} Health Sciences},
  volume = {11},
  number = {1},
  pages = {131--135},
  year = {2017}
}


@inproceedings{bacho2019effects,
  title = {The effects of comprehensive core body resistance exercise on lower extremity motor function among stroke survivors},
  author = {Bacho, Z. and Lajangang, F. J. E. and Khin, N. Y. and Shah, S. S. and Chia, Y. K. and Jalil, E. and Kelvin, C. C. S. and Daud, D. M. Ag},
  booktitle = {Journal of Physics: Conference Series},
  volume = {1358},
  number = {1},
  pages = {012025},
  year = {2019},
  organization = {IOP Publishing}
}


@article{meadplant,
  author = {R. Mead},
  year = {1970},
  title = {Plant density and crop yield},
  journal = {Applied Statistics}, 
  volume = {19},
  number = {1}, 
  pages = {64--81}
}


@article{wong2018correlation,
  title = {Correlation between 6-min walk test and cardiopulmonary exercise test in {C}hinese patients},
  author = {Wong, Pik-Fung and Chan, Eric Yat-Tung and Ng, Daniel Kwok-Keung and Kwok, Ka-Li and Yip, Ada Yuen-Fong and Leung, Shuk-Yu},
  journal = {Pediatric Respirology and Critical Care Medicine},
  volume = {2},
  number = {2},
  pages = {32},
  year = {2018},
  publisher = {Medknow Publications}
}


@article{Hosseini2015,
  title = {The effect of food service system modifications on staff body mass index in an industrial organization},
  author = {Hosseini, Reza and Mirghotbi, Mostafa and Pourvali, Katayoun and Kimiagar, Seyed Masoud and Rashidkhani, Bahram and Mirghotbi, Tina},
  journal = {Journal of Paramedical Sciences},
  volume = {6},
  number = {1},
  pages = {2008--4978},
  year = {2015}
}


@article{George2015,
  title = {Errors in statistical analysis and questionable randomization lead to unreliable conclusions},
  author = {George, Brandon J. and Brown, Andrew W. and Allison, David B.},
  journal = {Journal of Paramedical Sciences},
  volume = {6},
  number = {3},
  pages = {153--154},
  year = {2015}
}


@article{bhargava1985mid,
  title = {Mid-arm and chest circumferences at birth as predictors of low birth weight and neonatal mortality in the community.},
  author = {Bhargava, S. K. and Ramji, S. and Kumar, Arun and Mohan, M. A. N. and Marwah, Jasbir and Sachdev, H. P.},
  journal = {BMJ},
  volume = {291},
  number = {6509},
  pages = {1617--1619},
  year = {1985},
  publisher = {British Medical Journal Publishing Group}
}


@article{haselgrove2008perceived,
  title = {Perceived school bag load, duration of carriage, and method of transport to school are associated with spinal pain in adolescents: an observational study},
  author = {Haselgrove, Clare and Straker, Leon and Smith, Anne and {O'S}ullivan, Peter and Perry, Mark and Sloan, Nick},
  journal = {Australian Journal of Physiotherapy},
  volume = {54},
  number = {3},
  pages = {193--200},
  year = {2008},
  publisher = {Elsevier}
}


@article{martin2018soft,
  title = {Soft drink consumption: Do we know what we drink and its implication on health?},
  author = {Mart{\'i}n, Ismael San Mauro and Vilar, Elena Garicano and Barrado, Mario Rinc{\'o}n and Barato, V{\'i}ctor Paredes},
  journal = {Mediterranean Journal of Nutrition and Metabolism},
  volume = {11},
  number = {1},
  pages = {1--10},
  year = {2018},
  publisher = {IOS Press}
}

@article{smith2020majority,
  title = {Majority acceptance of vaccination and mandates across the political spectrum in {A}ustralia},
  author = {Smith, David T. and Attwell, Katie and Evers, Uwana},
  journal = {Politics},
  volume = {40},
  number = {2},
  pages = {189--206},
  year = {2020},
  publisher = {SAGE Publications Sage UK: London, England}
}


@article{schwitzgebel2009ethicists,
  title = {Do ethicists steal more books?},
  author = {Schwitzgebel, Eric},
  journal = {Philosophical Psychology},
  volume = {22},
  number = {6},
  pages = {711--725},
  year = {2009},
  publisher = {Taylor \& Francis}
}

@article{lewis2018wildlife,
  title = {Wildlife biology, big data, and reproducible research},
  author = {Lewis, Keith P. and Vander Wal, Eric and Fifield, David A.},
  journal = {Wildlife Society Bulletin},
  volume = {42},
  number = {1},
  pages = {172--179},
  year = {2018},
  publisher = {Wiley Online Library}
}


@article{simons2019reproducible,
  title = {Reproducible Research and Reports with {R}},
  author = {Simons, Janet E. and Holmes, Daniel T.},
  journal = {Journal of Applied Laboratory Medicine},
  volume = {4},
  number = {3},
  pages = {471--473},
  year = {2019},
  publisher = {Oxford University Press}
}



@book{hardle1991smoothing,
  title = {Smoothing techniques: with implementation in {S}},
  author = {H{\"a}rdle, Wolfgang Karl and others},
  year = {1991},
  publisher = {Springer Science \& Business Media}
}


@article{mypapers:ExperientialLearningStats,
  title = {Teaching statistics with experiential learning: A visual experience},
  author = {Margaret Marshman and Peter K. Dunn},
  year = {2022: Submitted}
}


@article{altarawneh2017pilot,
  title = {A pilot study exploring spreadsheet risk in scientific research},
  author = {AlTarawneh, Ghada and Thorne, Simon},
  journal = {arXiv preprint arXiv:1703.09785},
  year = {2017}
}


@article{ziemann2016gene,
  title = {Gene name errors are widespread in the scientific literature},
  author = {Ziemann, Mark and Eren, Yotam and El-{O}sta, Assam},
  journal = {Genome Biology},
  volume = {17},
  number = {1},
  pages = {1--3},
  year = {2016},
  publisher = {BioMed Central}
}


@inproceedings{keeling2004numerical,
  title = {Numerical accuracy issues in using {E}xcel for simulation studies},
  author = {Keeling, Kellie B. and Pavur, Robert J.},
  booktitle = {Proceedings of the 2004 Winter Simulation Conference, 2004},
  volume = {2},
  pages = {1513--1518},
  year = {2004},
  organization = {IEEE}
}


@article{melard2014accuracy,
  title = {On the accuracy of statistical procedures in {M}icrosoft {E}xcel 2010},
  author = {M{\'e}lard, Guy},
  journal = {Computational Statistics},
  volume = {29},
  number = {5},
  pages = {1095--1128},
  year = {2014},
  publisher = {Springer}
}


@article{mccullough2002accuracy,
  title = {On the accuracy of statistical procedures in {M}icrosoft {E}xcel 2000 and {E}xcel {XP}},
  author = {McCullough, B. D. and Wilson, Berry},
  journal = {Computational Statistics \& Data Analysis},
  volume = {40},
  number = {4},
  pages = {713--721},
  year = {2002},
  publisher = {Elsevier}
}



@article{berger2007nonstandard,
  title = {Nonstandard operator precedence in {E}xcel},
  author = {Berger, Roger L.},
  journal = {Computational Statistics \& Data Analysis},
  volume = {51},
  number = {6},
  pages = {2788--2791},
  year = {2007},
  publisher = {Elsevier}
}



@article{hargreaves2010polynomial,
  title = {Polynomial trendline function flaws in {M}icrosoft {E}xcel},
  author = {Hargreaves, Bruce R. and McWilliams, Thomas P.},
  journal = {Computational Statistics \& Data Analysis},
  volume = {54},
  number = {4},
  pages = {1190--1196},
  year = {2010},
  publisher = {Elsevier}
}



@article{galletta1996spreadsheet,
  title = {Spreadsheet presentation and error detection: An experimental study},
  author = {Galletta, Dennis F. and Hartzel, Kathleen S. and Johnson, Susan E. and Joseph, Jimmie L. and Rustagi, Sandeep},
  journal = {Journal of Management Information Systems},
  volume = {13},
  number = {3},
  pages = {45--63},
  year = {1996},
  publisher = {Taylor \& Francis}
}



@article{panko2016we,
  title = {What we don't know about spreadsheet errors today: The facts, why we don't believe them, and what we need to do},
  author = {Panko, Ray},
  journal = {arXiv preprint arXiv:1602.02601},
  year = {2016}
}



@article{panko1998hitting,
  title = {Hitting the wall: Errors in developing and code inspecting a `simple' spreadsheet model},
  author = {Panko, Raymond R. and Sprague Jr, Ralph H.},
  journal = {Decision Support Systems},
  volume = {22},
  number = {4},
  pages = {337--353},
  year = {1998},
  publisher = {Elsevier}
}



@book{mypapers:ScientificResearch,
	Address = {https://srm-course.netlify.com},
	Author = {Peter K. Dunn},
	Title = {Scientific Research and Methodology: An introduction to quantitative research and statistics in science and health},
	Year = {2019},
	Bdsk-Url-1 = {https://srm-course.netlify.app/how-to-cite-this-book.html}}


@article{mendes2018reproducible,
  title = {Reproducible research using biomodels},
  author = {Mendes, Pedro},
  journal = {Bulletin of Mathematical Biology},
  volume = {80},
  number = {12},
  pages = {3081--3087},
  year = {2018},
  publisher = {Springer}
}



@article{simons2019reproducible,
  title = {Reproducible Research and Reports with {R}},
  author = {Simons, Janet E. and Holmes, Daniel T.},
  journal = {Journal of Applied Laboratory Medicine},
  volume = {4},
  number = {3},
  pages = {471--473},
  year = {2019},
  publisher = {Oxford University Press}
}

@article {McCrory250,
	author = {{McC}rory, Paul and Meeuwisse, Willem H. and Aubry, Mark and Cantu, Bob and Dvo{\v r}{\'a}k, Ji{\v r}{\'i} and Echemendia, Ruben J. and Engebretsen, Lars and Johnston, Karen and Kutcher, Jeffrey S. and Raftery, Martin and Sills, Allen and Benson, Brian W. and Davis, Gavin A. and Ellenbogen, Richard G. and Guskiewicz, Kevin and Herring, Stanley A. and Iverson, Grant L. and Jordan, Barry D. and Kissick, James and {McC}rea, Michael and {McI}ntosh, Andrew S. and Maddocks, David and Makdissi, Michael and Purcell, Laura and Putukian, Margot and Schneider, Kathryn and Tator, Charles H. and Turner, Michael},
	title = {Consensus statement on concussion in sport: the 4th {I}nternational {C}onference on {C}oncussion in {S}port held in {Z}urich, {N}ovember 2012},
	volume = {47},
	number = {5},
	pages = {250--258},
	year = {2013},
	doi = {10.1136/bjsports-2013-092313},
	publisher = {British Association of Sport and Exercise Medicine},
	issn = {0306-3674},
	URL = {https://bjsm.bmj.com/content/47/5/250},
	journal = {British Journal of Sports Medicine}
}


@article {Raftery642,
	author = {Raftery, Martin and Kemp, Simon and Patricios, Jon and Makdissi, Michael and Decq, Philippe},
	title = {It is time to give concussion an operational definition: a 3-step process to diagnose (or rule out) concussion within 48 h of injury: {W}orld {R}ugby guideline},
	volume = {50},
	number = {11},
	pages = {642--643},
	year = {2016},
	doi = {10.1136/bjsports-2016-095959},
	publisher = {British Association of Sport and Exercise Medicine},
	issn = {0306-3674},
	URL = {https://bjsm.bmj.com/content/50/11/642},
	eprint = {https://bjsm.bmj.com/content/50/11/642.full.pdf},
	journal = {British Journal of Sports Medicine}
}



@article{allen2019can,
  title = {How can we ensure visibility and diversity in research contributions? {H}ow the {C}ontributor {R}ole {T}axonomy ({CRediT}) is helping the shift from authorship to contributorship},
  author = {Allen, Liz and {O'C}onnell, Alison and Kiermer, Veronique},
  journal = {Learned Publishing},
  volume = {32},
  number = {1},
  pages = {71--74},
  year = {2019},
  publisher = {Wiley Online Library}
}


@article{Retraction:London:Excel,
   author = {London, R. E. and Slagter, H. A.},
   title = {Statement of Retraction: Effects of Transcranial Direct Current Stimulation over Left Dorsolateral {pFC} on the Attentional Blink Depend on Individual Baseline Performance},
   journal = {Journal of Cognitive Neuroscience}, 
   pages = {1},
   year = {2021},
   doi = {https://doi.org/10.1162/jocn_x_01680}
}



@article{houben2016factors,
  title = {Factors affecting elevated arsenic and methyl mercury concentrations in small shield lakes surrounding gold mines near the {Y}ellowknife, {NT}, ({C}anada) region},
  author = {Houben, Adam James and {D'O}nofrio, Rebecca and Kokelj, Steven V. and Blais, Jules M.},
  journal = {PloS one},
  volume = {11},
  number = {4},
  pages = {e0150960},
  year = {2016},
  publisher = {Public Library of Science San Francisco, CA USA}
}

@article{taylor2001passive,
  title = {Passive smoking and lung cancer: a cumulative meta-analysis},
  author = {Taylor, Richard and Gumming, Robert and Woodward, Alistair and Black, Megan},
  journal = {{A}ustralian and {N}ew {Z}ealand Journal of Public Health},
  volume = {25},
  number = {3},
  pages = {203--211},
  year = {2001},
  publisher = {Wiley Online Library}
}



@misc{Greene:Curmudgucation,
  title = {Curmudgucation: The Trouble With Data},
  author = {Peter Greene},
  journal = {National Education Policy Center},
  URL = {https://nepc.colorado.edu/blog/trouble-data?utm_source = feedburner&utm_medium = feed&utm_campaign = Feed%3A+NEPC-Blogs+%28NEPC+-+Blog+Post+of+the+Day%29},
  year = {2021},
  note = {Accessed: 15 April 2021}
}


@article{maunder2020effectiveness,
  title={Effectiveness of herbal medicines for weight loss: {A} systematic review and meta-analysis of randomized controlled trials},
  author={Maunder, Alison and Bessell, Erica and Lauche, Romy and Adams, Jon and Sainsbury, Amanda and Fuller, Nicholas R.},
  journal={Diabetes, Obesity and Metabolism},
  volume={22},
  number={6},
  pages={891--903},
  year={2020},
  publisher={Wiley Online Library}
}



@article{talukdar2014study,
  title={A study of correlation between California Bearing Ratio ({CBR}) value with other properties of soil},
  author={Talukdar, Dilip Kumar},
  journal={International Journal of Emerging Technology and Advanced Engineering},
  volume={4},
  number={1},
  pages={559--562},
  year={2014},
  publisher={Citeseer}
}

@article{williams2021mechanical,
  title={Mechanical chest compressions and survival in the emergency setting},
  author={Williams, Paul and Goring, Rob and Franklin, John},
  journal={Journal of Paramedic Practice},
  volume={13},
  number={2},
  pages={62--68},
  year={2021},
  publisher={{MA} Healthcare {L}ondon}
}

@article{chan2008exploration,
  title={Exploration of attitudes and barriers to bringing patient's own medications to the {E}mergency {D}epartment: {A} survey of paramedics},
  author={Chan, Esther and Taylor, Simone and Marriott, Jennifer and Barger, Bill},
  journal={{A}ustralasian Journal of Paramedicine},
  volume={6},
  number={4},
  year={2008}
}

@article{cross2019impact,
  title={Impact of hand dominance on effectiveness of chest compressions in a simulated setting: a randomised, crossover trial},
  author={Cross, Jamie and Lam, Tommy and Arndell, Joel and Quach, John and Reed, Buck and Thyer, Liz and Simpson, Paul M.},
  journal={{A}ustralasian Journal of Paramedicine},
  volume={16},
  year={2019}
}

@article{beaman2013profitability,
  title={Profitability of fertilizer: {E}xperimental evidence from female rice farmers in {M}ali},
  author={Beaman, Lori and Karlan, Dean and Thuysbaert, Bram and Udry, Christopher},
  journal={American Economic Review},
  volume={103},
  number={3},
  pages={381--86},
  year={2013}
}

@article{bulte2014behavioral,
  title={Behavioral responses and the impact of new agricultural technologies: {E}vidence from a double-blind field experiment in {T}anzania},
  author={Bulte, Erwin and Beekman, Gonne and Di Falco, Salvatore and Hella, Joseph and Lei, Pan},
  journal={American Journal of Agricultural Economics},
  volume={96},
  number={3},
  pages={813--830},
  year={2014},
  publisher={Wiley Online Library}
}

@article{kheok2008efficacy,
  title={The efficacy of influenza vaccination in healthcare workers in a tropical setting: a prospective investigator blinded observational study},
  author={Kheok, Si Wei and Chong, Chia Yin and {McC}arthy, Grace and Lim, Wai Yee and Goh, Khean Teik and Razak, Lubna and Tee, Nancy S. W. and Tambyah, Paul A.},
  journal={Annals, Academy of Medicine, {S}ingapore},
  volume={37},
  number={6},
  pages={465},
  year={2008},
  publisher={Academy of Medicine, Singapore}
}

@article{kardish2015blind,
  title={Blind trust in unblinded observation in ecology, evolution, and behavior},
  author={Kardish, Melissa R. and Mueller, Ulrich G. and Amador-{V}argas, Sabrina and Dietrich, Emma I. and Ma, Rong and Barrett, Brian and Fang, Chi-{C}hun},
  journal={Frontiers in Ecology and Evolution},
  volume={3},
  pages={51},
  year={2015},
  publisher={Frontiers}
}


@article{norris2005carry,
  title={Carry-over effects and habitat quality in migratory populations},
  author={Norris, D. Ryan},
  journal={Oikos},
  volume={109},
  number={1},
  pages={178--186},
  year={2005},
  publisher={Wiley Online Library}
}


@article{lord2009impact,
  title={The impact of patient sex on paramedic pain management in the prehospital setting},
  author={Lord, Bill and Cui, James and Kelly, Anne-{M}aree},
  journal={The {A}merican Journal of Emergency Medicine},
  volume={27},
  number={5},
  pages={525--529},
  year={2009},
  publisher={Elsevier}
}

@article{bartareau2017estimating,
  title={Estimating the live body weight of {A}merican black bears in {F}lorida},
  author={Bartareau, Tad M.},
  journal={Journal of Fish and Wildlife Management},
  volume={8},
  number={1},
  pages={234--239},
  year={2017}
}


@article{romero2020physical,
  title={Physical activity and sedentary lifestyle in university students: changes during confinement due to the {COVID-19} pandemic},
  author={Romero-{B}lanco, Cristina and Rodr{\'i}guez-{A}lmagro, Juli{\'a}n and Onieva-{Z}afra, Mar{\'i}a Dolores and Parra-{F}ern{\'a}ndez, Mar{\'i}a Laura and Prado-{L}aguna, Mar{\'i}a Del Carmen and Hern{\'a}ndez-{M}art{\'i}nez, Antonio},
  journal={International Journal of Environmental Research and Public Health},
  volume={17},
  number={18},
  pages={6567},
  year={2020}
}

@article{agbayani2020growth,
  title={Growth and development of {N}orth {P}acific gray whales ({\textit{\uppercase{E}schrichtius robustus}})},
  author={Agbayani, Selina and Fortune, Sarah M. E. and Trites, Andrew W.},
  journal={Journal of Mammalogy},
  volume={101},
  number={3},
  pages={742--754},
  year={2020}
}

@article{wang2020driver,
  title={Driver injury severity analysis of crashes in a western {C}hina's rural mountainous county: taking crash compatibility difference into consideration},
  author={Wang, Liyang and Li, Ruimin and Wang, Changjun and Liu, Zhiyong},
  journal={Journal of Traffic and Transportation Engineering ({E}nglish edition)},
  year={2020},
  publisher={Elsevier}
}


@article{azwari2021evaluating,
  title={Evaluating Actual Speed Against the Permissible Speed of Vehicles During Free-Flow Traffic Conditions},
  author={Azwari, Nur Farhanatul Syasya Mohd and Hamsa, Abdul Azeez Kadar},
  journal={Jurnal Kejuruteraan},
  volume={33},
  number={2},
  pages={183--191},
  year={2021}
}

@article{harnish2020attitudes,
  title={Attitudes toward wildlife: The impact of physical attractiveness},
  author={Harnish, Richard J. and Nataraajan, Rajan},
  journal={Psychology \& Marketing},
  volume={37},
  number={12},
  pages={1703--1707},
  year={2020},
  publisher={Wiley Online Library}
}

@article{quan2017relation,
  title={The relation of body score (body height/body length) and haplotype {E} on {P}hu {Q}uoc {R}idgeback dogs ({\textit{\uppercase{C}anis familiaris}})},
  author={Quan, Quoc-{D}ang and Tran, Hoang-{D}ung and Chung, Anh-{D}ung},
  journal={Journal of Entomology and Zoology Studies},
  volume={5},
  pages={388--394},
  year={2017}
}

@article{leblanc2005paramedic,
  title={Paramedic performance in calculating drug dosages following stressful scenarios in a human patient simulator},
  author={{LeB}lanc, Vicki R. and {MacD}onald, Russell D. and {McA}rthur, Brad and King, Kevin and Lepine, Tom},
  journal={Prehospital Emergency Care},
  volume={9},
  number={4},
  pages={439--444},
  year={2005}
}

@article{brunette1991correlation,
  title={Correlation of emergency health care use, 911 volume, and jail activity with welfare check distribution},
  author={Brunette, Douglas D. and Kominsky, John and Ruiz, Ernest},
  journal={Annals of Emergency Medicine},
  volume={20},
  number={7},
  pages={739--742},
  year={1991},
  publisher={Elsevier}
}

@article{carvalho2020stop,
  title={{STOP}-{B}ang questionnaire should be used in all adults with {D}own {S}yndrome to screen for moderate to severe obstructive sleep apnea},
  author={{de} Carvalho, Anderson Albuquerque and Amorim, Fabio Ferreira and Santana, Levy Aniceto and {de} Almeida, Karlo Jozefo Quadros and Santana, Alfredo Nicodemos Cruz and Neves, Francisco {de} Assis Rocha},
  journal={{PloS} {ONE}},
  volume={15},
  number={5},
  pages={e0232596},
  year={2020}
}


@article{farrar2021biochar,
  title={Biochar compound fertilisers increase plant potassium uptake 2 years after application without additional organic fertiliser},
  author={Farrar, Michael B. and Wallace, Helen M. and Xu, Cheng-{Y}uan and Joseph, Stephen and Nguyen, Thi Thu Nhan and Dunn, Peter K. and Bai, Shahla Hosseini},
  journal={Environmental Science and Pollution Research},
  pages={1--15},
  year={2021},
  publisher={Springer}
}


@article{goldingay2018outcomes,
  title={Outcomes of decades long installation of nest boxes for arboreal mammals in southern {A}ustralia},
  author={Goldingay, Ross L. and Thomas, Karen J, and Shanty, Devi},
  journal={Ecological Management {\&} Restoration},
  volume={19},
  number={3},
  pages={204--211},
  year={2018},
  publisher={Wiley Online Library}
}


@article{kang2019long,
  title={Long-term benefit of {M}icrobiota {T}ransfer {T}herapy on autism symptoms and gut microbiota},
  author={Kang, Dae-{W}ook and Adams, James B. and Coleman, Devon M. and Pollard, Elena L. and Maldonado, Juan and McDonough-{M}eans, Sharon and Caporaso, J. Gregory and Krajmalnik-{B}rown, Rosa},
  journal={Scientific Reports},
  volume={9},
  number={1},
  pages={1--9},
  year={2019},
  publisher={Nature Publishing Group}
}

@article{yap2021autism,
  title={Autism-related dietary preferences mediate autism-gut microbiome associations},
  author={Yap, Chloe X. and Henders, Anjali K. and Alvares, Gail A. and Wood, David L. A. and Krause, Lutz and Tyson, Gene W. and Restuadi, Restuadi and Wallace, Leanne and {Mc}Laren, Tiana and Hansell, Narelle K. and others},
  journal={Cell},
  year={2021},
  publisher={Elsevier}
}

@article{ho2020gut,
  title={Gut microbiota changes in children with autism spectrum disorder: a systematic review},
  author={Ho, Lucius Kang Hua and Tong, Valerie Jia Wei and Syn, Nicholas and Nagarajan, Niranjan and Tham, Elizabeth Huiwen and Tay, Stacey K. and Shorey, Shefaly and Tambyah, Paul Anantharajah and Law, Evelyn Chung Ning},
  journal={Gut Pathogens},
  volume={12},
  number={1},
  pages={1--18},
  year={2020},
  publisher={BioMed Central}
}


@article{zimova2020using,
  title={Using remote cameras to measure seasonal molts},
  author={Zimova, Marketa and Barnard, Lindsey S. and Davis, Brandon M. and Kumar, Alexander V. and Lafferty, Diana J. R. and Mills, L. Scott},
  journal={Ecosphere},
  volume={11},
  number={4},
  pages={e03084},
  year={2020},
  publisher={Wiley Online Library}
}


@article{seo2020role,
  title={The role of port site local anesthetic injection in laparoendoscopic single site surgery: a prospective randomized study},
  author={Seo, Jong Wook and Lee, In Ok and Kim, Jung Cheol and Chung, Jae Eun},
  journal={Obstetrics {\&} Gynecology Science},
  volume={63},
  number={3},
  pages={387--394},
  year={2020}
}


@article{lehtiniemi2020citizen,
  title={Citizen science provides added value in the monitoring for coastal non-indigenous species},
  author={Lehtiniemi, Maiju and Outinen, Okko and Puntila-{D}odd, Riikka},
  journal={Journal of Environmental Management},
  volume={267},
  pages={110608},
  year={2020},
  publisher={Elsevier}
}


@article{kabata2021effect,
  title={Effect of vibrotherapy on body fatness, blood parameters and fibrinogen concentration in elderly men},
  author={Kabata-Pi{\.z}uch, Anna and Suder, Agnieszka and Jagielski, Pawe{\l} and Kubasiak, Katarzyna and Handzlik, Paulina and Teleg{\l}{\'o}w, Aneta and Marchewka, Anna},
  journal={Journal of Clinical Medicine},
  volume={10},
  number={15},
  pages={3259},
  year={2021},
  publisher={Multidisciplinary Digital Publishing Institute}
}


@article{SpauldingScats,
 ISSN = {00917648, 19385463},
 author = {Rick Spaulding and Paul R. Krausman and Warren B. Ballard},
 title = {Observer bias and analysis of gray wolf diets from scats},
 journal = {Wildlife Society Bulletin},
 number = {4},
 pages = {947--950},
 volume = {28},
 year = {2000}
}


@article{encel2021locomotion,
  title={Locomotion, interactions and information transfer vary according to context in a cryptic fish species},
  author={Encel, Stella A. and Schaerf, Timothy M. and Lizier, Joseph T. and Ward, Ashley J. W.},
  journal={Behavioral Ecology and Sociobiology},
  volume={75},
  number={1},
  pages={1--12},
  year={2021},
  publisher={Springer}
}


@article{clausen2017effect,
  title={Effect of integrated pest management training on Ugandan small-scale farmers},
  author={Clausen, Anna Sabine and J{\o}rs, Erik and Atuhaire, Aggrey and Thomsen, Jane Fr{\o}lund},
  journal={Environmental Health Insights},
  volume={11},
  pages={1178630217703391},
  year={2017},
  publisher={SAGE Publications Sage UK: London, England}
}


@article{larson2021can,
  title={Can double fortification of salt with iron and iodine reduce anemia, iron deficiency anemia, iron deficiency, iodine deficiency, and functional outcomes? Evidence of efficacy, effectiveness, and safety},
  author={Larson, Leila M. and Cyriac, Shruthi and Djimeu, Eric W. and Mbuya, Mduduzi N. N. and Neufeld, Lynnette M.},
  journal={The Journal of Nutrition},
  volume={151},
  number={Supplement\_1},
  pages={15S--28S},
  year={2021},
  publisher={Oxford University Press}
}


@article{pickering2002white,
  title={What is the white-coat effect and how should it be measured?},
  author={Pickering, Thomas G. and Gerin, William and Schwartz, Amy R.},
  journal={Blood Pressure Monitoring},
  volume={7},
  number={6},
  pages={293--300},
  year={2002},
  publisher={LWW}
}


@article{emerson2010ultrasonographically,
  title={Ultrasonographically detected changes in {A}chilles tendons and self reported symptoms in elite gymnasts compared with controls---an observational study},
  author={Emerson, Claire and Morrissey, Dylan and Perry, Mark and Jalan, Rosy},
  journal={Manual Therapy},
  volume={15},
  number={1},
  pages={37--42},
  year={2010},
  publisher={Elsevier}
}

@article{watson2010observational,
  title={Observational study of 14 cases of chronic pancreatitis in dogs},
  author={Watson, P. J. and Archer, J. and Roulois, A. J. and Scase, T. J. and Herrtage, M. E.},
  journal={Veterinary Record},
  volume={167},
  number={25},
  pages={968--976},
  year={2010},
  publisher={Wiley Online Library}
}

@article{ma2019impacts,
  title={Impacts of experimental advisory exit speed sign on traffic speeds for freeway exit ramp},
  author={Ma, Yongfeng and Zhang, Wenbo and Gu, Xin and Zhao, Jiguang},
  journal={{PLoS} One},
  volume={14},
  number={11},
  pages={e0225203},
  year={2019},
  publisher={Public Library of Science San Francisco, CA USA}
}


@article{oyerinde2019investigation,
  title={Investigation of the effects of air-conditioning system on the temperature and speed of automobile engine using paired $t$-test and regression analysis},
  author={Oyerinde, A. Y. and Bamisaye, S. O. and Essien, Ubong Akpan},
  year={2019},
  volume = {6},
  issue = {e5090},
  journal={Open Access Library Journal}
}


@article{devaraj2021exploring,
  title={Exploring the effects of the substitution of freshly mined sands with recycled crushed glass on the properties of concrete},
  author={Devaraj, Rajeev and Jordan, Jonathan and Gerber, Christophe and Olofinjana, Ayodele},
  journal={Applied Sciences},
  volume={11},
  number={8},
  pages={3318},
  year={2021},
  publisher={Multidisciplinary Digital Publishing Institute}
}



@article{data:detection:jenner2022,
	author = {Jenner, Lauren C. and Rotchell, Jeanette M. and Bennett, Robert T. and Cowen, Michael and Tentzeris, Vasileios and Sadofsky, Laura R.},
	doi = {http://dx.doi.org/10.1016/j.scitotenv.2022.154907},
	journal = {Science of The Total Environment},
	pages = {154907},
	title = {Detection of microplastics in human lung tissue using $\mu${FTIR} spectroscopy},
	volume = {831},
	year = {2022}
}

@article{guevara2021paving,
  title={Paving the road for electric vehicles: Lessons from a randomized experiment in an introduction stage market},
  author={Guevara, C. Angelo and Figueroa, Esteban and Munizaga, Marcela A.},
  journal={Transportation Research Part {A}: Policy and Practice},
  volume={153},
  pages={326--340},
  year={2021},
  publisher={Elsevier}
}


@article{tudor2015comparison,
  title={Comparison of step outputs for waist and wrist accelerometer attachment sites.},
  author={Tudor-{L}ocke, Catrine and Barreira, Tiago V. and Schuna Jr, John M.},
  journal={Medicine and Science in Sports and Exercise},
  volume={47},
  number={4},
  pages={839--842},
  year={2015}
}


@article{huhtanen2016effects,
  title={Effects of ruminal digesta retention time on methane emissions: a modelling approach},
  author={Huhtanen, Pekka and Ramin, Mohammad and Cabezas-{G}arcia, E. H.},
  journal={Animal Production Science},
  volume={56},
  number={3},
  pages={501--506},
  year={2016},
  publisher={{CSIRO} Publishing}
}


@article{levenson2005amusement,
  title={Amusement ride-related injuries and deaths in the {U}nited {S}tates: 2005 update},
  author={Levenson, Mark S.},
  journal={Bethesda, {MD}: {C}onsumer {P}roduct {S}afety {C}ommission},
  year={2005}
}

@article{brand2015beyond,
  title={Beyond authorship: attribution, contribution, collaboration, and credit},
  author={Brand, Amy and Allen, Liz and Altman, Micah and Hlava, Marjorie and Scott, Jo},
  journal={Learned Publishing},
  volume={28},
  number={2},
  pages={151--155},
  year={2015}
}


@article{watanabe1995estimation,
	author = {Watanabe, S. and Ohnishi, M. and Imai, K. and Kawano, E. and Igarashi, S.},
	journal = {Archives of Oral Biology},
	number = {8},
	pages = {781--782},
	title = {Estimation of the total saliva volume produced per day in five-year-old children},
	volume = {40},
	year = {1995}}
